2517 3925
439 223 626 279 SILUARUM
644 223 674 280 L.
694 223 741 293 IV,
760 227 784 280 8.
1078 221 1147 290 121·

70 367 192 454 Macte,
215 367 301 454 quod
323 370 358 431 et
378 368 487 452 proles
508 368 571 433 tibi
594 364 722 454 saepius
745 371 841 434 aucta
862 365 966 433 uirilis
1107 385 1145 434 ae

68 456 212 522 Roboris
240 459 273 521 at
294 455 405 520 iuueni
425 457 609 521 laetandast
629 457 723 542 uirgo
747 457 875 541 parenti
1114 457 1115 462 ’

70 543 209 630 (Aptior
230 545 282 610 his
305 545 418 627 uirtus,
440 545 536 610 citius
559 545 651 610 dabit
672 545 729 610 illa
751 543 911 632 nepotes),

69 633 187 710 Qualis
210 633 366 699 maternis
388 632 513 699 Helene
536 634 602 698 iam
625 634 726 719 digna
747 635 920 718 palaestris

67 722 161 787 Inter
183 723 380 808 Amyclaeos
402 723 554 806 reptabat
576 723 713 787 candida
735 723 866 807 fratres3

68 810 135 876 Uel
159 813 265 897 qualis
288 812 369 877 caeli
391 811 500 895 facies,
522 812 580 876 ubi
601 814 697 876 noete
721 831 835 876 serena
1106 830 1144 878 30

54 900 255 966 4Αιίιιιοιιιιι
277 900 372 964 iubar
392 900 517 964 mediae
540 899 603 964 duo
627 900 734 965 sidera
755 901 861 965 lunae.

32 1041 36 1047 .
70 986 134 1052 Sed
158 1011 276 1073 queror
296 987 385 1053 haud
406 989 527 1071 faciles,
549 990 705 1054 iuuenum
728 987 902 1073 carissime,
924 992 1058 1073 questus

67 1077 259 1162 irascorque
283 1077 391 1162 etiem,
413 1081 573 1163 quantum
595 1078 781 1142 irascuntur
804 1081 959 1143 amentes.

69 1164 220 1230 Tantane
243 1187 294 1230 me
317 1166 424 1230 decuit
446 1167 576 1252 uulgari
598 1167 717 1250 gaudia
739 1167 828 1232 fama

68 1253 236 1319 Noseere?
260 1276 395 1338 cumque
417 1255 479 1319 tibi
501 1256 628 1340 uagiret
650 1255 767 1320 tertius
789 1255 909 1340 insana,
1108 1271 1146 1320 et

67 1341 224 1408 Protinus
247 1343 375 1428 ingenti
397 1365 465 1408 non
487 1345 579 1408 uenit
600 1345 716 1409 nuntia
740 1366 835 1408 cursu

68 1429 206 1515 Littera,
229 1453 312 1516 quae
332 1432 436 1497 festos
459 1433 622 1498 cumulare
646 1433 804 1500 altaribus
826 1433 919 1518 ignes

69 1519 115 1585 Et
137 1521 288 1586 redimire
311 1520 428 1606 chelyn
450 1525 623 1605 postesque
648 1542 762 1586 ornare
785 1520 911 1586 iuberet

69 1609 264 1693 Albanoque
288 1609 403 1674 cadum
426 1610 611 1677 sordentem
633 1629 779 1693 promere
801 1609 892 1674 fumo

68 1697 115 1762 Et
138 1701 229 1763 creta
251 1698 379 1783 signare
401 1697 512 1763 diem?
540 1697 585 1762 sic
608 1697 721 1763 tardus
744 1699 892 1782 inersque
1106 1715 1144 1764 40

69 1784 166 1851 Nunc
190 1787 319 1851 demum
341 1808 415 1851 mea
437 1791 517 1852 uota
539 1807 635 1852 cano:
663 1791 700 1851 tu
724 1787 820 1870 culpa
842 1789 981 1870 tuusque

69 1873 133 1940 Hie
156 1875 269 1959 pudor.
304 1875 442 1940 ulterius
466 1876 522 1940 sed
545 1876 631 1939 enim
653 1875 829 1959 producere
852 1877 984 1959 questus

68 1961 148 2029 Non
169 1965 260 2048 licet,
284 1985 325 2029 en
347 1964 461 2029 hilaris
485 1966 673 2030 circumstat
695 1965 792 2029 turba
813 1966 945 2029 tuorum

68 2051 291 2138 Defensatque
313 2057 448 2137 patrem.
485 2076 582 2137 quem
604 2074 672 2119 non
694 2052 757 2117 hoc
780 2053 910 2137 agmine
932 2053 1091 2118 uineas?

68 2140 113 2206 Di
134 2143 242 2227 patrii,
265 2164 346 2226 quos
370 2143 515 2228 auguriis
538 2164 635 2227 super
659 2162 799 2225 aequore
821 2142 948 2227 magnis
1105 2159 1143 2207 45

68 2229 162 2295 Litus
186 2230 228 2295 ad
249 2229 431 2296 Ausonium
455 2232 585 2296 deuexit
607 2230 753 2296 Abantia
775 2230 897 2315 elassis,

70 2318 129 2403 Tu,
154 2318 270 2385 ductor
291 2320 405 2403 populi
426 2319 525 2405 longe
547 2320 732 2405 migrantis,
754 2320 883 2403 Apelle,

69 2370 171 2471 Cuius
195 2408 299 2473 adhue
321 2409 486 2474 uolucrem
508 2409 603 2474 laeua
626 2408 750 2473 ceruice
773 2406 937 2473 sedentem

26 2526 30 2533 ·
68 2494 259 2580 Respiciens
282 2497 401 2562 blande
422 2498 501 2562 felix
523 2496 671 2563 Eumelis
679 2496 822 2595 adorat,

68 2584 192 2670 Tuque,
215 2586 338 2651 Actaea
360 2584 467 2671 (iares,
490 2607 587 2651 cursu
610 2588 661 2650 cui
679 2567 836 2736 'semper
812 2547 952 2650 anhele
1105 2598 1141 2650 50

68 2672 226 2738 Uotiuam
247 2676 340 2739 taciti
362 2693 553 2760 quassamus
576 2674 726 2758 lampada
748 2675 884 2757 mystae,

67 2761 113 2825 Et
135 2784 206 2846 uos,
229 2762 441 2849 Tyndaridae,
465 2785 545 2849 quos
567 2784 635 2828 non
657 2762 817 2827 horrenda
838 2759 981 2847 Lycurgi

69 2850 218 2936 Taygeta
240 2853 474 2937 umbrosaeque
498 2853 603 2937 magis
626 2852 754 2917 coluere
778 2850 983 2933 Therapnae:

141 3136 186 3200 25,
206 3138 241 3216 ,2⁶
259 3132 350 3187 uirilis
368 3133 486 3187 Roboris
505 3135 535 3188 et
552 3149 614 3203 eye:
641 3132 718 3188 uirili
734 3134 845 3189 Robore
865 3134 914 3187 red
932 3138 950 3185 0
969 3151 986 3185 a
994 3133 1010 3215 ,1
1034 3132 1143 3185 laetan

69 3201 213 3258 deses
169 3206 270 3273 mei:
297 3204 404 3258 laetam
430 3204 482 3258 dat
504 3210 570 3259 cs
593 3210 679 3259 restat
701 3206 899 3260 accedendum
924 3203 1048 3271 saepius,
1075 3219 1142 3257 ccam

10 3299 11 3304 ¹
73 3275 156 3330 altero
179 3279 239 3329 tran
256 3276 377 3344 peceare
399 3281 497 3329 auctae
518 3281 578 3330 erat
602 3276 805 3346 Menecraten
827 3282 862 3330 27
885 3274 985 3329 deleuit
1008 3273 1113 3328 Marti.
1116 3272 1143 3354 υ

70 3347 102 3397 32
124 3343 267 3401 rarissime
287 3351 305 3397 0
328 3364 353 3413 a,
376 3360 446 3401 cerr.
471 3351 489 3400 ς
511 3348 522 3415 fl
543 3352 579 3400 40
602 3349 680 3401 creta
701 3343 856 3402 Boethius:
884 3346 969 3399 cantu
992 3349 1010 3396 0
1034 3362 1051 3397 ιι
1073 3345 1077 3413 Ι
1101 3342 1141 3397 rie

10 3469 11 3490 ,
68 3418 181 3485 scripsi.-
200 3415 322 3471 sedon
304 3389 405 3539 sotim
423 3416 620 3473 Abantiase
625 3417 770 3472 :abanxia
788 3420 834 3486 cu
857 3420 890 3470 ιο
909 3416 1142 3469 ascenaeret

10 3509 11 3540 ι
68 3488 111 3540 ud
128 3489 196 3543 Stet
213 3488 340 3556 (atreum
