2517 3925
444 213 633 270 snuuaun
651 214 682 270 a.
702 215 736 285 v,
757 223 780 271 1.

70 356 127 422 Nil
149 360 276 442 cantus,
299 357 347 422 nil
369 358 425 422 fila
447 358 515 423 deis
537 359 691 444 pallentis
714 359 840 424 Auerni

69 446 354 537 Eumenidumque
378 446 488 512 audita
511 447 619 513 choris
643 449 783 513 mulcere
804 449 965 517 ualerent:

70 535 197 600 Tantus
219 536 256 599 in
278 536 420 600 attonito
442 536 605 620 regnabat
626 540 757 621 pectore
779 537 899 604 luctus!

68 624 165 690 Nune
189 623 290 688 etiam
313 623 354 688 ad
376 625 529 707 planctus
552 625 674 710 refugit
695 626 761 691 iam
783 628 883 710 plana
906 627 1048 714 cicatrix,
1107 650 1141 700 30

68 711 155 776 Dum
179 712 336 796 canimus,
358 712 576 798 grauibusque
598 715 701 779 oculis
724 715 856 780 uxorius
879 717 981 783 instat

67 800 188 865 Imber.
223 800 389 866 habentne
411 801 485 885 pios
509 801 694 868 etiamnunc
716 803 843 868 lumina
864 805 980 870 fletus?

68 888 153 954 Mira
174 889 269 954 fides!
293 889 388 956 citius
412 891 560 976 genetrix
583 889 727 976 Sipyleia
749 891 851 956 fertur

67 977 268 1043 Exhausisse
291 999 409 1065 genas3
432 979 527 1044 citius
550 978 727 1045 Tithonida
749 982 865 1046 maesti

67 1066 230 1131 Deficient
252 1088 342 1138 rores
366 1071 424 1132 aut
446 1067 604 1133 exsatiata
625 1069 757 1134 fatiscet

66 1154 174 1219 Mater
196 1154 353 1220 Achilleis
375 1155 498 1222 hiemes
521 1156 704 1242 affrangere
728 1157 842 1222 bustis.

66 1242 174 1308 Macte
199 1243 314 1308 animi!
349 1247 444 1310 notat
465 1245 530 1310 ista
553 1244 641 1330 deus,
664 1245 721 1330 qui
743 1246 844 1310 flectit
865 1245 1009 1314 habenas

68 1331 164 1397 Orbis
189 1335 223 1396 et
243 1332 403 1398 humanos
425 1333 561 1418 propior
581 1332 661 1399 Ioue
684 1333 803 1420 digerit
826 1337 917 1401 actus

65 1420 334 1506 Maerentemque
355 1421 470 1486 uidens
492 1421 632 1507 lectique
656 1443 775 1489 arcana
796 1424 939 1490 ministri

65 1509 153 1575 Hine
176 1509 277 1574 etiam
299 1510 494 1582 documenta
516 1510 612 1594 capit,
635 1511 722 1596 quod
745 1511 854 1597 diligis
876 1515 1026 1580 umbram
1103 1533 1137 1583 40

65 1597 111 1662 Et
134 1598 216 1664 colis
239 1598 401 1684 exequias.
437 1599 492 1664 hic
514 1603 565 1664 est
586 1599 789 1665 castissimus
813 1600 918 1681 ardor,

65 1686 129 1751 Hic
153 1708 246 1751 amor
268 1708 288 1750 a
310 1686 442 1752 domino
465 1687 600 1752 meritus
623 1709 755 1754 censore
777 1689 917 1773 probari.

64 1773 133 1840 Nec
157 1775 285 1859 mirum,
308 1776 420 1841 sinos
442 1776 714 1860 collatopectore
737 1777 856 1842 mixtos

64 1863 177 1929 Iunxit
200 1864 376 1952 inabrupta
398 1861 581 1930 Concordia
601 1866 703 1949 longa
725 1869 848 1931 eatena

8 1948 9 1968 ¹
61 1952 125 2019 Illa
155 1952 287 2039 quidem
309 1956 513 2039 nuptumque
534 1953 625 2038 prior
647 1953 824 2041 taedasque
846 1954 966 2021 marito
1101 1975 1135 2025 45

61 2042 165 2108 Passa
188 2041 263 2126 alio,
286 2043 342 2107 sed
365 2046 399 2107 te
422 2064 480 2108 ceu
502 2042 691 2127 uirginitate
714 2043 864 2129 iugatum

61 2129 250 2198 Uisceribus
272 2132 352 2197 totis
376 2131 548 2216 animaque
570 2132 720 2215 amplexa
742 2132 888 2216 fouebat3

63 2219 210 2295 Qualiter
233 2240 397 2305 aequaeuo
421 2220 580 2287 sociatam
601 2220 737 2304 palmite
759 2221 861 2305 uitem

61 2307 178 2374 Ulmus
204 2312 294 2372 amat
315 2310 493 2394 miscetque
516 2330 631 2373 nemus
655 2304 818 2393 ditemque
842 2314 994 2393 precatur

62 2398 269 2462 Autumnum
292 2400 326 2461 et
352 2398 434 2463 caris
459 2397 580 2483 gaudet
601 2396 753 2462 redimita
774 2400 921 2465 racemis.
1099 2418 1133 2467 50

61 2484 253 2553 Laudentur
276 2485 408 2569 proauis
431 2490 489 2551 aut
510 2484 666 2569 pulchrae
688 2507 821 2550 munere
844 2486 978 2570 formae,

63 2574 154 2650 Quae
176 2596 306 2638 morum
329 2596 459 2639 caruere
483 2574 587 2659 bonis,
610 2573 775 2658 falsaeque
798 2578 948 2659 potentes

61 2662 184 2728 Laudis
208 2667 306 2747 egent
327 2683 438 2727 uerae:
460 2662 523 2727 tibi
545 2684 742 2747 quamquam
765 2666 798 2727 et
820 2664 912 2748 origo
934 2665 1055 2746 niteret

60 2750 102 2816 Et
124 2752 206 2816 felix
229 2751 352 2835 species
376 2752 579 2837 multumque
601 2751 745 2834 optanda
768 2753 903 2837 maritis,

60 2838 109 2905 Lx
130 2843 166 2905 te
190 2840 294 2905 maior
316 2839 431 2925 honos,
453 2862 554 2905 unum
575 2840 707 2905 nouisse
731 2840 845 2925 cubile,
1098 2858 1132 2908 55

126 3127 163 3177 28
183 3121 277 3176 choris
294 3120 533 3191 Liudeoebropiue:
552 3120 640 3175 comis
660 3121 780 3189 οα1132
800 3120 960 3177 etiamnunc
980 3127 1012 3177 5:
1032 3120 1130 3176 etiam-

59 3208 122 3245 num
141 3193 214 3247 haee
228 3196 251 3245 A
265 3197 283 3243 0
296 3194 307 3263 fl
320 3197 354 3246 33
369 3190 501 3261 sipylleia
514 3196 537 3245 A
551 3192 575 3245 si
588 3191 671 3261 pelea
685 3196 703 3242 0
723 3190 838 3261 Sipylea
850 3192 955 3247 feretur
968 3192 1103 3247 Heinsius
1121 3192 1129 3262 ll

62 3266 92 3314 3⁶
114 3263 255 3317 exsatiata
272 3267 296 3316 A
314 3268 344 3318 0:
364 3262 507 3318 exsiccata
525 3264 577 3332 §fl
598 3268 633 3317 39
652 3262 751 3317 uidens
768 3263 881 3331 scripsi.-
898 3263 978 3317 uidet
995 3267 1013 3313 0
1032 3280 1049 3315 a
1065 3264 1075 3331 l
1097 3268 1133 3316 44

58 3330 156 3386 Uinxit
173 3332 308 3389 Haterius
323 3338 328 3401 Ι
344 3339 378 3387 46
398 3337 573 3403 nuptumque
588 3339 619 3389 5:
638 3334 784 3403 nuptaque
798 3336 822 3385 A
840 3335 881 3401 011
895 3338 928 3387 47
948 3331 1075 3401 animaq;
1095 3338 1131 3387 0:
1176 3400 1180 3410 Ι

57 3401 209 3471 animoque
233 3409 251 3458 ς
266 3422 283 3457 a
304 3407 314 3474 Ι
341 3409 374 3458 51
390 3404 554 3459 Laudentur
567 3404 648 3460 Dora.
675 3405 679 3472 Ι
708 3404 808 3473 proaui
822 3420 871 3457 seu
885 3408 939 3471 (ta,
952 3418 1022 3459 corr.
1041 3403 1130 3457 Heiu-

55 3475 114 3528 sius
128 3473 246 3543 proauis
261 3477 290 3529 et
309 3476 471 3531 Politiuuus
484 3475 494 3546 tt
513 3481 546 3530 52
565 3475 711 3543 falsaeque
730 3472 878 3527 Haterius:
896 3472 1025 3541 falsoque
1043 3478 1097 3527 (ta
