<?xml version="1.0" encoding="UTF-8"?>
<!DOCTYPE html PUBLIC "-//W3C//DTD XHTML 1.0 Transitional//EN"
    "http://www.w3.org/TR/xhtml1/DTD/xhtml1-transitional.dtd">
<html xmlns="http://www.w3.org/1999/xhtml" xml:lang="en" lang="en">
 <head>
  <title>
</title>
<meta http-equiv="Content-Type" content="text/html;charset=utf-8" />
  <meta name='ocr-system' content='tesseract 3.04.00' />
  <meta name='ocr-capabilities' content='ocr_page ocr_carea ocr_par ocr_line ocrx_word'/>
</head>
<body>
  <div class='ocr_page' id='page_1' title='image "./silvae01baehgoog_0224.png"; bbox 0 0 2517 3925; ppageno 0'>
   <div class='ocr_carea' id='block_1_1' title="bbox 455 203 1124 277">
    <p class='ocr_par' dir='ltr' id='par_1_1' title="bbox 455 203 1124 277">
     <span class='ocr_line' id='line_1_1' title="bbox 455 203 1124 277; baseline 0.015 -20"><span class='ocrx_word' id='word_1_1' title='bbox 455 203 698 261; x_wconf 71' lang='lat' dir='ltr'><strong>sommmncs</strong></span> <span class='ocrx_word' id='word_1_2' title='bbox 717 206 748 259; x_wconf 85' lang='grc'><strong>5.</strong></span> <span class='ocrx_word' id='word_1_3' title='bbox 766 204 788 259; x_wconf 93' lang='lat'><strong>1.</strong></span> <span class='ocrx_word' id='word_1_4' title='bbox 860 254 870 277; x_wconf 72' lang='grc'>,</span> <span class='ocrx_word' id='word_1_5' title='bbox 1081 204 1124 267; x_wconf 77' lang='grc'><strong>87</strong></span> 
     </span>
    </p>
   </div>
   <div class='ocr_carea' id='block_1_2' title="bbox 104 347 1126 1054">
    <p class='ocr_par' dir='ltr' id='par_1_2' title="bbox 104 347 1126 876">
     <span class='ocr_line' id='line_1_2' title="bbox 106 347 959 432; baseline 0.002 -20"><span class='ocrx_word' id='word_1_6' title='bbox 106 348 219 412; x_wconf 80' lang='lat' dir='ltr'><strong>Turba</strong></span> <span class='ocrx_word' id='word_1_7' title='bbox 242 348 322 430; x_wconf 87' lang='lat' dir='ltr'><strong>coit,</strong></span> <span class='ocrx_word' id='word_1_8' title='bbox 344 347 524 432; x_wconf 80' lang='lat' dir='ltr'>blandeque</span> <span class='ocrx_word' id='word_1_9' title='bbox 546 370 648 413; x_wconf 86' lang='lat' dir='ltr'><strong>novas</strong></span> <span class='ocrx_word' id='word_1_10' title='bbox 670 350 718 414; x_wconf 90' lang='grc'>5511</span> <span class='ocrx_word' id='word_1_11' title='bbox 740 351 807 413; x_wconf 89' lang='lat' dir='ltr'><strong>tale</strong></span> <span class='ocrx_word' id='word_1_12' title='bbox 829 349 959 414; x_wconf 89' lang='lat' dir='ltr'><strong>timenti</strong></span> 
     </span>
     <span class='ocr_line' id='line_1_3' title="bbox 107 436 995 523; baseline 0.002 -22"><span class='ocrx_word' id='word_1_13' title='bbox 107 437 277 502; x_wconf 82' lang='lat' dir='ltr'><strong>Admovet</strong></span> <span class='ocrx_word' id='word_1_14' title='bbox 292 436 441 501; x_wconf 86' lang='lat' dir='ltr'><strong>insidias:</strong></span> <span class='ocrx_word' id='word_1_15' title='bbox 465 436 557 501; x_wconf 90' lang='lat' dir='ltr'><strong>illam</strong></span> <span class='ocrx_word' id='word_1_16' title='bbox 580 439 788 522; x_wconf 65' lang='lat' dir='ltr'><strong>sequiturque</strong></span> <span class='ocrx_word' id='word_1_17' title='bbox 812 438 995 523; x_wconf 89' lang='lat' dir='ltr'><strong>premitque</strong></span> 
     </span>
     <span class='ocr_line' id='line_1_4' title="bbox 106 524 1126 611; baseline 0.004 -22"><span class='ocrx_word' id='word_1_18' title='bbox 106 524 297 608; x_wconf 90' lang='lat' dir='ltr'><strong>Improbus,</strong></span> <span class='ocrx_word' id='word_1_19' title='bbox 324 524 417 590; x_wconf 89' lang='lat' dir='ltr'><strong>illam</strong></span> <span class='ocrx_word' id='word_1_20' title='bbox 445 525 548 590; x_wconf 92' lang='lat' dir='ltr'><strong>oculis</strong></span> <span class='ocrx_word' id='word_1_21' title='bbox 571 527 754 611; x_wconf 88' lang='lat' dir='ltr'><strong>iterumque</strong></span> <span class='ocrx_word' id='word_1_22' title='bbox 777 527 959 611; x_wconf 73' lang='lat' dir='ltr'><strong>iterumque</strong></span> <span class='ocrx_word' id='word_1_23' title='bbox 981 527 1126 593; x_wconf 77' lang='lat' dir='ltr'><strong>resumit.</strong></span> 
     </span>
     <span class='ocr_line' id='line_1_5' title="bbox 104 612 1126 698; baseline 0.004 -21"><span class='ocrx_word' id='word_1_24' title='bbox 104 612 203 677; x_wconf 91' lang='lat' dir='ltr'><strong>Nunc</strong></span> <span class='ocrx_word' id='word_1_25' title='bbox 225 614 345 679; x_wconf 90' lang='lat' dir='ltr'><strong>nimius</strong></span> <span class='ocrx_word' id='word_1_26' title='bbox 368 614 465 679; x_wconf 89' lang='lat' dir='ltr'><strong>lateri</strong></span> <span class='ocrx_word' id='word_1_27' title='bbox 487 636 554 679; x_wconf 91' lang='lat' dir='ltr'><strong>non</strong></span> <span class='ocrx_word' id='word_1_28' title='bbox 578 616 732 680; x_wconf 83' lang='lat' dir='ltr'><strong>evitantis</strong></span> <span class='ocrx_word' id='word_1_29' title='bbox 755 614 915 698; x_wconf 81' lang='lat' dir='ltr'><strong>inhaeret,</strong></span> <span class='ocrx_word' id='word_1_30' title='bbox 1073 632 1126 681; x_wconf 93' lang='grc'><strong>570</strong></span> 
     </span>
     <span class='ocr_line' id='line_1_6' title="bbox 106 701 1035 788; baseline 0.004 -22"><span class='ocrx_word' id='word_1_31' title='bbox 106 701 203 767; x_wconf 89' lang='lat' dir='ltr'><strong>Nunc</strong></span> <span class='ocrx_word' id='word_1_32' title='bbox 225 702 352 767; x_wconf 82' lang='lat' dir='ltr'><strong>levibus</strong></span> <span class='ocrx_word' id='word_1_33' title='bbox 376 702 486 786; x_wconf 88' lang='lat' dir='ltr'><strong>sertis,</strong></span> <span class='ocrx_word' id='word_1_34' title='bbox 507 704 609 787; x_wconf 82' lang='lat' dir='ltr'><strong>lapsis</strong></span> <span class='ocrx_word' id='word_1_35' title='bbox 633 726 719 769; x_wconf 92' lang='lat' dir='ltr'><strong>nunc</strong></span> <span class='ocrx_word' id='word_1_36' title='bbox 742 708 857 788; x_wconf 87' lang='lat' dir='ltr'><strong>sponte</strong></span> <span class='ocrx_word' id='word_1_37' title='bbox 881 704 1035 770; x_wconf 75' lang='lat' dir='ltr'><strong>canistris</strong></span> 
     </span>
     <span class='ocr_line' id='line_1_7' title="bbox 106 790 1003 876; baseline 0.003 -21"><span class='ocrx_word' id='word_1_38' title='bbox 106 790 205 855; x_wconf 88' lang='lat' dir='ltr'><strong>Nunc</strong></span> <span class='ocrx_word' id='word_1_39' title='bbox 226 790 342 874; x_wconf 84' lang='lat' dir='ltr'><strong>thyrso</strong></span> <span class='ocrx_word' id='word_1_40' title='bbox 366 796 517 874; x_wconf 78' lang='lat' dir='ltr'><strong>parcente</strong></span> <span class='ocrx_word' id='word_1_41' title='bbox 540 790 631 876; x_wconf 88' lang='lat' dir='ltr'><strong>ferit;</strong></span> <span class='ocrx_word' id='word_1_42' title='bbox 656 793 753 857; x_wconf 90' lang='lat' dir='ltr'><strong>modo</strong></span> <span class='ocrx_word' id='word_1_43' title='bbox 776 792 883 857; x_wconf 86' lang='lat' dir='ltr'><strong>dulcia</strong></span> <span class='ocrx_word' id='word_1_44' title='bbox 905 796 1003 859; x_wconf 89' lang='lat' dir='ltr'><strong>notae</strong></span> 
     </span>
    </p>

    <p class='ocr_par' dir='ltr' id='par_1_3' title="bbox 106 877 1041 1054">
     <span class='ocr_line' id='line_1_8' title="bbox 106 877 1041 965; baseline 0.003 -23"><span class='ocrx_word' id='word_1_45' title='bbox 106 877 181 943; x_wconf 81' lang='lat' dir='ltr'><strong>Fila</strong></span> <span class='ocrx_word' id='word_1_46' title='bbox 202 880 293 962; x_wconf 82' lang='lat' dir='ltr'><strong>lyrae</strong></span> <span class='ocrx_word' id='word_1_47' title='bbox 316 883 494 965; x_wconf 82' lang='lat' dir='ltr'><strong>tenuesque</strong></span> <span class='ocrx_word' id='word_1_48' title='bbox 513 880 630 949; x_wconf 75' lang='lat' dir='ltr'><strong>,modos</strong></span> <span class='ocrx_word' id='word_1_49' title='bbox 655 886 688 945; x_wconf 89' lang='lat' dir='ltr'><strong>et</strong></span> <span class='ocrx_word' id='word_1_50' title='bbox 709 881 856 946; x_wconf 88' lang='lat' dir='ltr'><strong>carmina</strong></span> <span class='ocrx_word' id='word_1_51' title='bbox 878 884 1041 947; x_wconf 87' lang='lat' dir='ltr'><strong>monstrat</strong></span> 
     </span>
     <span class='ocr_line' id='line_1_9' title="bbox 111 965 957 1054; baseline 0.002 -22"><span class='ocrx_word' id='word_1_52' title='bbox 111 965 262 1032; x_wconf 78' lang='lat' dir='ltr'><strong>Chironis</strong></span> <span class='ocrx_word' id='word_1_53' title='bbox 286 968 436 1051; x_wconf 81' lang='lat' dir='ltr'><strong>ducitque</strong></span> <span class='ocrx_word' id='word_1_54' title='bbox 459 991 592 1033; x_wconf 89' lang='lat' dir='ltr'><strong>manum</strong></span> <span class='ocrx_word' id='word_1_55' title='bbox 616 969 799 1054; x_wconf 89' lang='lat' dir='ltr'><strong>digitosque</strong></span> <span class='ocrx_word' id='word_1_56' title='bbox 824 971 957 1035; x_wconf 90' lang='lat' dir='ltr'><strong>sonanti</strong></span> 
     </span>
    </p>
   </div>
   <div class='ocr_carea' id='block_1_3' title="bbox 8 1054 1124 1229">
    <p class='ocr_par' dir='ltr' id='par_1_4' title="bbox 8 1054 1124 1229">
     <span class='ocr_line' id='line_1_10' title="bbox 8 1054 1124 1141; baseline 0.002 -20"><span class='ocrx_word' id='word_1_57' title='bbox 8 1112 9 1121; x_wconf 73' lang='grc'>,</span> <span class='ocrx_word' id='word_1_58' title='bbox 107 1054 264 1140; x_wconf 85' lang='lat' dir='ltr'><strong>Infringit</strong></span> <span class='ocrx_word' id='word_1_59' title='bbox 287 1056 445 1141; x_wconf 89' lang='lat' dir='ltr'><strong>citharae,</strong></span> <span class='ocrx_word' id='word_1_60' title='bbox 467 1079 555 1122; x_wconf 88' lang='lat' dir='ltr'><strong>nune</strong></span> <span class='ocrx_word' id='word_1_61' title='bbox 578 1062 717 1141; x_wconf 86' lang='lat' dir='ltr'><strong>occupat</strong></span> <span class='ocrx_word' id='word_1_62' title='bbox 739 1079 798 1123; x_wconf 90' lang='lat' dir='ltr'><strong>ora</strong></span> <span class='ocrx_word' id='word_1_63' title='bbox 820 1059 968 1123; x_wconf 85' lang='lat' dir='ltr'><strong>canentis</strong></span> <span class='ocrx_word' id='word_1_64' title='bbox 1072 1072 1124 1123; x_wconf 90' lang='grc'><strong>575</strong></span> 
     </span>
     <span class='ocr_line' id='line_1_11' title="bbox 8 1144 1007 1229; baseline 0.003 -20"><span class='ocrx_word' id='word_1_65' title='bbox 8 1184 9 1225; x_wconf 47' lang='grc'>1</span> <span class='ocrx_word' id='word_1_66' title='bbox 106 1144 153 1210; x_wconf 82' lang='lat' dir='ltr'><strong>Et</strong></span> <span class='ocrx_word' id='word_1_67' title='bbox 176 1144 260 1228; x_wconf 87' lang='lat' dir='ltr'><strong>ligat</strong></span> <span class='ocrx_word' id='word_1_68' title='bbox 283 1144 451 1227; x_wconf 88' lang='lat' dir='ltr'><strong>amplexus</strong></span> <span class='ocrx_word' id='word_1_69' title='bbox 475 1148 508 1209; x_wconf 92' lang='lat' dir='ltr'><strong>et</strong></span> <span class='ocrx_word' id='word_1_70' title='bbox 530 1146 629 1210; x_wconf 88' lang='lat' dir='ltr'><strong>mille.</strong></span> <span class='ocrx_word' id='word_1_71' title='bbox 641 1168 700 1229; x_wconf 90' lang='lat' dir='ltr'><strong>per</strong></span> <span class='ocrx_word' id='word_1_72' title='bbox 723 1148 835 1211; x_wconf 92' lang='lat' dir='ltr'><strong>oscula</strong></span> <span class='ocrx_word' id='word_1_73' title='bbox 857 1147 1007 1212; x_wconf 81' lang='lat' dir='ltr'><strong>laudat&#39;</strong></span> 
     </span>
    </p>
   </div>
   <div class='ocr_carea' id='block_1_4' title="bbox 106 1232 999 1494">
    <p class='ocr_par' dir='ltr' id='par_1_5' title="bbox 106 1232 999 1494">
     <span class='ocr_line' id='line_1_12' title="bbox 107 1232 964 1319; baseline 0.005 -23"><span class='ocrx_word' id='word_1_74' title='bbox 107 1232 170 1297; x_wconf 87' lang='grc'>1115</span> <span class='ocrx_word' id='word_1_75' title='bbox 193 1233 297 1297; x_wconf 89' lang='lat' dir='ltr'><strong>libens</strong></span> <span class='ocrx_word' id='word_1_76' title='bbox 321 1232 429 1317; x_wconf 80' lang='lat' dir='ltr'><strong>discit,</strong></span> <span class='ocrx_word' id='word_1_77' title='bbox 452 1255 516 1317; x_wconf 93' lang='lat' dir='ltr'><strong>quo</strong></span> <span class='ocrx_word' id='word_1_78' title='bbox 540 1235 661 1299; x_wconf 84' lang='lat' dir='ltr'><strong>vertice</strong></span> <span class='ocrx_word' id='word_1_79' title='bbox 684 1235 811 1319; x_wconf 87' lang='lat' dir='ltr'><strong>Pelion,</strong></span> <span class='ocrx_word' id='word_1_80' title='bbox 836 1237 964 1319; x_wconf 89' lang='lat' dir='ltr'><strong>etquis</strong></span> 
     </span>
     <span class='ocr_line' id='line_1_13' title="bbox 107 1321 942 1406; baseline 0.002 -20"><span class='ocrx_word' id='word_1_81' title='bbox 107 1321 279 1406; x_wconf 81' lang='lat' dir='ltr'><strong>Aeacides,</strong></span> <span class='ocrx_word' id='word_1_82' title='bbox 303 1322 458 1405; x_wconf 89' lang='lat' dir='ltr'><strong>puerique</strong></span> <span class='ocrx_word' id='word_1_83' title='bbox 482 1322 628 1387; x_wconf 89' lang='lat' dir='ltr'><strong>auditum</strong></span> <span class='ocrx_word' id='word_1_84' title='bbox 650 1346 771 1389; x_wconf 90' lang='lat' dir='ltr'><strong>nomen</strong></span> <span class='ocrx_word' id='word_1_85' title='bbox 793 1327 827 1388; x_wconf 92' lang='lat' dir='ltr'><strong>et</strong></span> <span class='ocrx_word' id='word_1_86' title='bbox 850 1327 942 1388; x_wconf 88' lang='lat' dir='ltr'><strong>actus</strong></span> 
     </span>
     <span class='ocr_line' id='line_1_14' title="bbox 106 1409 999 1494; baseline 0.003 -19"><span class='ocrx_word' id='word_1_87' title='bbox 106 1409 253 1475; x_wconf 86' lang='lat' dir='ltr'><strong>Adsidue</strong></span> <span class='ocrx_word' id='word_1_88' title='bbox 276 1412 387 1493; x_wconf 90' lang='lat' dir='ltr'><strong>stupet</strong></span> <span class='ocrx_word' id='word_1_89' title='bbox 410 1414 443 1474; x_wconf 90' lang='lat' dir='ltr'><strong>et</strong></span> <span class='ocrx_word' id='word_1_90' title='bbox 465 1415 670 1494; x_wconf 78' lang='lat' dir='ltr'><strong>praesentem</strong></span> <span class='ocrx_word' id='word_1_91' title='bbox 693 1415 805 1477; x_wconf 87' lang='lat' dir='ltr'><strong>cantat</strong></span> <span class='ocrx_word' id='word_1_92' title='bbox 827 1410 999 1479; x_wconf 88' lang='lat' dir='ltr'><strong>Achillem.</strong></span> 
     </span>
    </p>
   </div>
   <div class='ocr_carea' id='block_1_5' title="bbox 105 1498 1124 1672">
    <p class='ocr_par' dir='ltr' id='par_1_6' title="bbox 105 1498 1124 1672">
     <span class='ocr_line' id='line_1_15' title="bbox 105 1498 1124 1583; baseline 0.004 -21"><span class='ocrx_word' id='word_1_93' title='bbox 105 1498 183 1582; x_wconf 87' lang='lat' dir='ltr'><strong>Ipsa</strong></span> <span class='ocrx_word' id='word_1_94' title='bbox 206 1519 334 1582; x_wconf 90' lang='lat' dir='ltr'><strong>quoque</strong></span> <span class='ocrx_word' id='word_1_95' title='bbox 357 1503 391 1563; x_wconf 90' lang='grc'><strong>55</strong></span> <span class='ocrx_word' id='word_1_96' title='bbox 411 1500 544 1565; x_wconf 86' lang='lat' dir='ltr'><strong>validos</strong></span> <span class='ocrx_word' id='word_1_97' title='bbox 562 1500 708 1583; x_wconf 87' lang='lat' dir='ltr'><strong>proferre</strong></span> <span class='ocrx_word' id='word_1_98' title='bbox 731 1500 910 1566; x_wconf 85' lang='lat' dir='ltr'><strong>modestius</strong></span> <span class='ocrx_word' id='word_1_99' title='bbox 933 1505 1026 1566; x_wconf 88' lang='lat' dir='ltr'><strong>artus</strong></span> <span class='ocrx_word' id='word_1_100' title='bbox 1072 1516 1124 1566; x_wconf 94' lang='grc'><strong>580</strong></span> 
     </span>
     <span class='ocr_line' id='line_1_16' title="bbox 105 1586 825 1672; baseline 0.004 -22"><span class='ocrx_word' id='word_1_101' title='bbox 105 1587 152 1651; x_wconf 82' lang='grc'>1115</span> <span class='ocrx_word' id='word_1_102' title='bbox 175 1591 310 1651; x_wconf 86' lang='lat' dir='ltr'><strong>tenuare</strong></span> <span class='ocrx_word' id='word_1_103' title='bbox 332 1586 427 1651; x_wconf 89' lang='lat' dir='ltr'><strong>rudes</strong></span> <span class='ocrx_word' id='word_1_104' title='bbox 451 1588 566 1653; x_wconf 88' lang='lat' dir='ltr'><strong>attrito</strong></span> <span class='ocrx_word' id='word_1_105' title='bbox 589 1589 710 1672; x_wconf 90' lang='lat' dir='ltr'><strong>pollice</strong></span> <span class='ocrx_word' id='word_1_106' title='bbox 733 1589 825 1653; x_wconf 86' lang='lat' dir='ltr'><strong>lanas</strong></span> 
     </span>
    </p>
   </div>
   <div class='ocr_carea' id='block_1_6' title="bbox 8 1676 1057 1850">
    <p class='ocr_par' dir='ltr' id='par_1_7' title="bbox 8 1676 1057 1850">
     <span class='ocr_line' id='line_1_17' title="bbox 8 1676 932 1761; baseline 0.003 -21"><span class='ocrx_word' id='word_1_107' title='bbox 8 1722 9 1729; x_wconf 43' lang='lat'><strong>,</strong></span> <span class='ocrx_word' id='word_1_108' title='bbox 105 1676 321 1741; x_wconf 83' lang='lat' dir='ltr'><strong>Demonstrat</strong></span> <span class='ocrx_word' id='word_1_109' title='bbox 342 1676 509 1760; x_wconf 87' lang='lat' dir='ltr'><strong>reficitque</strong></span> <span class='ocrx_word' id='word_1_110' title='bbox 532 1678 621 1743; x_wconf 89' lang='lat' dir='ltr'><strong>colus</strong></span> <span class='ocrx_word' id='word_1_111' title='bbox 646 1680 680 1741; x_wconf 91' lang='lat' dir='ltr'><strong>et</strong></span> <span class='ocrx_word' id='word_1_112' title='bbox 700 1677 828 1761; x_wconf 82' lang='lat' dir='ltr'><strong>perdita</strong></span> <span class='ocrx_word' id='word_1_113' title='bbox 850 1676 932 1743; x_wconf 87' lang='lat' dir='ltr'><strong>dura</strong></span> 
     </span>
     <span class='ocr_line' id='line_1_18' title="bbox 8 1764 1057 1850; baseline 0.002 -22"><span class='ocrx_word' id='word_1_114' title='bbox 8 1794 9 1799; x_wconf 42' lang='lat'>¹</span> <span class='ocrx_word' id='word_1_115' title='bbox 106 1764 215 1829; x_wconf 89' lang='lat' dir='ltr'><strong>Pensa</strong></span> <span class='ocrx_word' id='word_1_116' title='bbox 238 1785 349 1847; x_wconf 84' lang='lat' dir='ltr'><strong>manu3</strong></span> <span class='ocrx_word' id='word_1_117' title='bbox 372 1766 524 1849; x_wconf 85' lang='lat' dir='ltr'><strong>vocisque</strong></span> <span class='ocrx_word' id='word_1_118' title='bbox 548 1788 665 1830; x_wconf 92' lang='lat' dir='ltr'><strong>sonum</strong></span> <span class='ocrx_word' id='word_1_119' title='bbox 688 1766 877 1850; x_wconf 91' lang='lat' dir='ltr'><strong>pondusque</strong></span> <span class='ocrx_word' id='word_1_120' title='bbox 900 1766 1057 1850; x_wconf 91' lang='lat' dir='ltr'><strong>tenentis,</strong></span> 
     </span>
    </p>
   </div>
   <div class='ocr_carea' id='block_1_7' title="bbox 109 1852 1022 1938">
    <p class='ocr_par' dir='ltr' id='par_1_8' title="bbox 109 1852 1022 1938">
     <span class='ocr_line' id='line_1_19' title="bbox 109 1852 1022 1938; baseline 0.002 -21"><span class='ocrx_word' id='word_1_121' title='bbox 109 1852 266 1937; x_wconf 79' lang='lat' dir='ltr'><strong>Quodque</strong></span> <span class='ocrx_word' id='word_1_122' title='bbox 289 1852 374 1937; x_wconf 87' lang='lat' dir='ltr'><strong>fugit</strong></span> <span class='ocrx_word' id='word_1_123' title='bbox 398 1854 547 1937; x_wconf 87' lang='lat' dir='ltr'><strong>comites,</strong></span> <span class='ocrx_word' id='word_1_124' title='bbox 569 1854 673 1920; x_wconf 90' lang='lat' dir='ltr'><strong>nimio</strong></span> <span class='ocrx_word' id='word_1_125' title='bbox 696 1853 783 1938; x_wconf 90' lang='lat' dir='ltr'><strong>quod</strong></span> <span class='ocrx_word' id='word_1_126' title='bbox 805 1854 928 1919; x_wconf 89' lang='lat' dir='ltr'><strong>lumine</strong></span> <span class='ocrx_word' id='word_1_127' title='bbox 951 1876 1022 1920; x_wconf 90' lang='lat' dir='ltr'><strong>sese</strong></span> 
     </span>
    </p>
   </div>
   <div class='ocr_carea' id='block_1_8' title="bbox 8 1941 1124 2027">
    <p class='ocr_par' dir='ltr' id='par_1_9' title="bbox 8 1941 1124 2027">
     <span class='ocr_line' id='line_1_20' title="bbox 8 1941 1124 2027; baseline 0.003 -20"><span class='ocrx_word' id='word_1_128' title='bbox 8 1981 9 1984; x_wconf 61' lang='lat'><em>=</em></span> <span class='ocrx_word' id='word_1_129' title='bbox 105 1941 205 2026; x_wconf 80' lang='lat' dir='ltr'><strong>Figat</strong></span> <span class='ocrx_word' id='word_1_130' title='bbox 228 1944 261 2006; x_wconf 90' lang='lat' dir='ltr'><strong>et</strong></span> <span class='ocrx_word' id='word_1_131' title='bbox 283 1941 317 2008; x_wconf 90' lang='lat' dir='ltr'><strong>in</strong></span> <span class='ocrx_word' id='word_1_132' title='bbox 340 1942 447 2008; x_wconf 88' lang='lat' dir='ltr'><strong>verbis</strong></span> <span class='ocrx_word' id='word_1_133' title='bbox 470 1943 721 2027; x_wconf 79' lang='lat' dir='ltr'><strong>intempestivus</strong></span> <span class='ocrx_word' id='word_1_134' title='bbox 745 1942 891 2027; x_wconf 83' lang='lat' dir='ltr'><strong>anhelet,</strong></span> <span class='ocrx_word' id='word_1_135' title='bbox 1071 1958 1124 2010; x_wconf 93' lang='grc'><strong>585</strong></span> 
     </span>
    </p>
   </div>
   <div class='ocr_carea' id='block_1_9' title="bbox 106 2029 959 2117">
    <p class='ocr_par' dir='ltr' id='par_1_10' title="bbox 106 2029 959 2117">
     <span class='ocr_line' id='line_1_21' title="bbox 106 2029 959 2117; baseline 0.005 -23"><span class='ocrx_word' id='word_1_136' title='bbox 106 2029 259 2096; x_wconf 86' lang='lat' dir='ltr'><strong>Miratur:</strong></span> <span class='ocrx_word' id='word_1_137' title='bbox 282 2031 348 2095; x_wconf 90' lang='lat' dir='ltr'><strong>iam</strong></span> <span class='ocrx_word' id='word_1_138' title='bbox 371 2031 499 2115; x_wconf 85' lang='lat' dir='ltr'><strong>iamque</strong></span> <span class='ocrx_word' id='word_1_139' title='bbox 522 2032 615 2098; x_wconf 89' lang='lat' dir='ltr'><strong>dolos</strong></span> <span class='ocrx_word' id='word_1_140' title='bbox 639 2033 764 2116; x_wconf 87' lang='lat' dir='ltr'><strong>aperire</strong></span> <span class='ocrx_word' id='word_1_141' title='bbox 787 2036 959 2117; x_wconf 88' lang='lat' dir='ltr'><strong>parantem</strong></span> 
     </span>
    </p>
   </div>
   <div class='ocr_carea' id='block_1_10' title="bbox 9 2118 900 2206">
    <p class='ocr_par' dir='ltr' id='par_1_11' title="bbox 9 2118 900 2206">
     <span class='ocr_line' id='line_1_22' title="bbox 9 2118 900 2206; baseline 0 -22"><span class='ocrx_word' id='word_1_142' title='bbox 9 2187 10 2190; x_wconf 62' lang='grc'>,</span> <span class='ocrx_word' id='word_1_143' title='bbox 106 2118 267 2204; x_wconf 87' lang='lat' dir='ltr'><strong>Virginea</strong></span> <span class='ocrx_word' id='word_1_144' title='bbox 289 2119 424 2184; x_wconf 86' lang='lat' dir='ltr'><strong>levitate</strong></span> <span class='ocrx_word' id='word_1_145' title='bbox 445 2120 533 2206; x_wconf 82' lang='lat' dir='ltr'><strong>fugit</strong></span> <span class='ocrx_word' id='word_1_146' title='bbox 556 2120 772 2205; x_wconf 90' lang='lat' dir='ltr'><strong>prohibetque</strong></span> <span class='ocrx_word' id='word_1_147' title='bbox 795 2121 900 2185; x_wconf 87' lang='lat' dir='ltr'><strong>fateri.</strong></span> 
     </span>
    </p>
   </div>
   <div class='ocr_carea' id='block_1_11' title="bbox 107 2205 968 2295">
    <p class='ocr_par' dir='ltr' id='par_1_12' title="bbox 9 2195 968 2302">
     <span class='ocr_line' id='line_1_23' title="bbox 107 2205 968 2295; baseline 0.002 -23.796"><span class='ocrx_word' id='word_1_148' title='bbox 107 2205 161 2272; x_wconf 83' lang='lat' dir='ltr'><strong>Sic</strong></span> <span class='ocrx_word' id='word_1_149' title='bbox 184 2208 245 2272; x_wconf 90' lang='lat' dir='ltr'><strong>suh</strong></span> <span class='ocrx_word' id='word_1_150' title='bbox 267 2211 371 2272; x_wconf 88' lang='lat' dir='ltr'><strong>matre</strong></span> <span class='ocrx_word' id='word_1_151' title='bbox 393 2207 487 2274; x_wconf 86' lang='lat' dir='ltr'><strong>Rhea</strong></span> <span class='ocrx_word' id='word_1_152' title='bbox 509 2210 637 2274; x_wconf 89' lang='lat' dir='ltr'><strong>iuvenis</strong></span> <span class='ocrx_word' id='word_1_153' title='bbox 659 2213 814 2295; x_wconf 87' lang='lat' dir='ltr'><strong>regnator</strong></span> <span class='ocrx_word' id='word_1_154' title='bbox 837 2208 968 2294; x_wconf 88' lang='lat' dir='ltr'><strong>Olympi</strong></span> 
     </span>
    </p>
   </div>
   <div class='ocr_carea' id='block_1_12' title="bbox 9 2295 1123 2470">
    <p class='ocr_par' dir='ltr' id='par_1_13' title="bbox 9 2295 1123 2470">
     <span class='ocr_line' id='line_1_24' title="bbox 9 2295 812 2364; baseline 0 -2"><span class='ocrx_word' id='word_1_155' title='bbox 9 2349 10 2362; x_wconf 68' lang='grc'>.</span> <span class='ocrx_word' id='word_1_156' title='bbox 107 2295 226 2360; x_wconf 84' lang='lat' dir='ltr'><strong>Oscula</strong></span> <span class='ocrx_word' id='word_1_157' title='bbox 250 2317 380 2362; x_wconf 85' lang='lat' dir='ltr'><strong>securae</strong></span> <span class='ocrx_word' id='word_1_158' title='bbox 403 2297 504 2363; x_wconf 90' lang='lat' dir='ltr'><strong>dabat</strong></span> <span class='ocrx_word' id='word_1_159' title='bbox 526 2298 684 2363; x_wconf 91' lang='lat' dir='ltr'><strong>insidiosa</strong></span> <span class='ocrx_word' id='word_1_160' title='bbox 706 2299 812 2364; x_wconf 88' lang='lat' dir='ltr'><strong>sorori</strong></span> 
     </span>
     <span class='ocr_line' id='line_1_25' title="bbox 9 2383 1123 2470; baseline 0.003 -23"><span class='ocrx_word' id='word_1_161' title='bbox 9 2385 10 2388; x_wconf 71' lang='grc'>’</span> <span class='ocrx_word' id='word_1_162' title='bbox 106 2383 221 2448; x_wconf 74' lang='lat' dir='ltr'><strong>lhater</strong></span> <span class='ocrx_word' id='word_1_163' title='bbox 245 2385 361 2470; x_wconf 88' lang='lat' dir='ltr'><strong>adhuc,</strong></span> <span class='ocrx_word' id='word_1_164' title='bbox 384 2386 483 2450; x_wconf 89' lang='lat' dir='ltr'><strong>medii</strong></span> <span class='ocrx_word' id='word_1_165' title='bbox 506 2387 608 2452; x_wconf 91' lang='lat' dir='ltr'><strong>donec</strong></span> <span class='ocrx_word' id='word_1_166' title='bbox 631 2389 815 2453; x_wconf 87' lang='lat' dir='ltr'><strong>reverentia</strong></span> <span class='ocrx_word' id='word_1_167' title='bbox 837 2386 935 2452; x_wconf 84' lang='lat' dir='ltr'><strong>cessit</strong></span> <span class='ocrx_word' id='word_1_168' title='bbox 1070 2401 1123 2450; x_wconf 91' lang='grc'><strong>500</strong></span> 
     </span>
    </p>
   </div>
   <div class='ocr_carea' id='block_1_13' title="bbox 107 2471 950 2559">
    <p class='ocr_par' dir='ltr' id='par_1_14' title="bbox 107 2471 950 2559">
     <span class='ocr_line' id='line_1_26' title="bbox 107 2471 950 2559; baseline 0.001 -22"><span class='ocrx_word' id='word_1_169' title='bbox 107 2471 282 2557; x_wconf 85' lang='lat' dir='ltr'><strong>Sanguinis</strong></span> <span class='ocrx_word' id='word_1_170' title='bbox 306 2478 340 2537; x_wconf 90' lang='lat' dir='ltr'><strong>et</strong></span> <span class='ocrx_word' id='word_1_171' title='bbox 362 2494 455 2539; x_wconf 84' lang='lat' dir='ltr'><strong>veros</strong></span> <span class='ocrx_word' id='word_1_172' title='bbox 479 2495 636 2559; x_wconf 88' lang='lat' dir='ltr'><strong>germana</strong></span> <span class='ocrx_word' id='word_1_173' title='bbox 658 2477 791 2559; x_wconf 83' lang='lat' dir='ltr'><strong>expavit</strong></span> <span class='ocrx_word' id='word_1_174' title='bbox 813 2497 950 2540; x_wconf 86' lang='lat' dir='ltr'><strong>amores.</strong></span> 
     </span>
    </p>
   </div>
   <div class='ocr_carea' id='block_1_14' title="bbox 9 2561 857 2629">
    <p class='ocr_par' dir='ltr' id='par_1_15' title="bbox 9 2561 857 2629">
     <span class='ocr_line' id='line_1_27' title="bbox 9 2561 857 2629; baseline 0.002 -4"><span class='ocrx_word' id='word_1_175' title='bbox 9 2565 10 2578; x_wconf 62' lang='lat'>¹</span> <span class='ocrx_word' id='word_1_176' title='bbox 106 2561 252 2626; x_wconf 83' lang='lat' dir='ltr'><strong>Tandem</strong></span> <span class='ocrx_word' id='word_1_177' title='bbox 275 2561 395 2626; x_wconf 90' lang='lat' dir='ltr'><strong>detecti</strong></span> <span class='ocrx_word' id='word_1_178' title='bbox 417 2564 551 2628; x_wconf 89' lang='lat' dir='ltr'><strong>timidae</strong></span> <span class='ocrx_word' id='word_1_179' title='bbox 573 2563 733 2628; x_wconf 90' lang='lat' dir='ltr'><strong>Nereidos</strong></span> <span class='ocrx_word' id='word_1_180' title='bbox 757 2568 857 2629; x_wconf 89' lang='lat' dir='ltr'><strong>astus.</strong></span> 
     </span>
    </p>
   </div>
   <div class='ocr_carea' id='block_1_15' title="bbox 195 2647 989 2736">
    <p class='ocr_par' dir='ltr' id='par_1_16' title="bbox 195 2647 989 2736">
     <span class='ocr_line' id='line_1_28' title="bbox 195 2647 989 2736; baseline 0.001 -23"><span class='ocrx_word' id='word_1_181' title='bbox 195 2647 302 2714; x_wconf 86' lang='lat' dir='ltr'><strong>Lucus</strong></span> <span class='ocrx_word' id='word_1_182' title='bbox 325 2649 491 2734; x_wconf 83' lang='lat' dir='ltr'><strong>Agenorei</strong></span> <span class='ocrx_word' id='word_1_183' title='bbox 515 2651 664 2715; x_wconf 91' lang='lat' dir='ltr'><strong>sublimis</strong></span> <span class='ocrx_word' id='word_1_184' title='bbox 689 2653 729 2716; x_wconf 88' lang='lat' dir='ltr'><strong>ad</strong></span> <span class='ocrx_word' id='word_1_185' title='bbox 753 2652 846 2736; x_wconf 85' lang='lat' dir='ltr'><strong>orgia</strong></span> <span class='ocrx_word' id='word_1_186' title='bbox 868 2649 989 2715; x_wconf 89' lang='lat' dir='ltr'><strong>Bacchi</strong></span> 
     </span>
    </p>
   </div>
   <div class='ocr_carea' id='block_1_16' title="bbox 9 2735 1062 2804">
    <p class='ocr_par' dir='ltr' id='par_1_17' title="bbox 9 2735 1062 2804">
     <span class='ocr_line' id='line_1_29' title="bbox 9 2735 1062 2804; baseline -0.001 -2"><span class='ocrx_word' id='word_1_187' title='bbox 9 2763 10 2772; x_wconf 52' lang='lat'>¹</span> <span class='ocrx_word' id='word_1_188' title='bbox 107 2735 225 2802; x_wconf 84' lang='lat' dir='ltr'><strong>Stabat</strong></span> <span class='ocrx_word' id='word_1_189' title='bbox 249 2741 281 2802; x_wconf 93' lang='lat' dir='ltr'><strong>et</strong></span> <span class='ocrx_word' id='word_1_190' title='bbox 304 2738 481 2804; x_wconf 87' lang='lat' dir='ltr'><strong>admissum</strong></span> <span class='ocrx_word' id='word_1_191' title='bbox 504 2739 592 2804; x_wconf 90' lang='lat' dir='ltr'><strong>caelo</strong></span> <span class='ocrx_word' id='word_1_192' title='bbox 616 2760 744 2804; x_wconf 87' lang='lat' dir='ltr'><strong>nemus:</strong></span> <span class='ocrx_word' id='word_1_193' title='bbox 767 2739 864 2804; x_wconf 92' lang='lat' dir='ltr'><strong>huius</strong></span> <span class='ocrx_word' id='word_1_194' title='bbox 888 2740 922 2804; x_wconf 91' lang='lat' dir='ltr'><strong>in</strong></span> <span class='ocrx_word' id='word_1_195' title='bbox 944 2738 1062 2802; x_wconf 89' lang='lat' dir='ltr'><strong>umbra</strong></span> 
     </span>
    </p>
   </div>
   <div class='ocr_carea' id='block_1_17' title="bbox 105 2826 1124 2911">
    <p class='ocr_par' dir='ltr' id='par_1_18' title="bbox 105 2826 1124 2911">
     <span class='ocr_line' id='line_1_30' title="bbox 105 2826 1124 2911; baseline 0.001 -21"><span class='ocrx_word' id='word_1_196' title='bbox 105 2826 277 2891; x_wconf 88' lang='lat' dir='ltr'><strong>Alternam</strong></span> <span class='ocrx_word' id='word_1_197' title='bbox 300 2847 455 2892; x_wconf 87' lang='lat' dir='ltr'><strong>renovare</strong></span> <span class='ocrx_word' id='word_1_198' title='bbox 477 2827 551 2911; x_wconf 89' lang='lat' dir='ltr'><strong>piae</strong></span> <span class='ocrx_word' id='word_1_199' title='bbox 574 2828 744 2893; x_wconf 85' lang='lat' dir='ltr'><strong>trieterida</strong></span> <span class='ocrx_word' id='word_1_200' title='bbox 766 2830 887 2899; x_wconf 86' lang='lat' dir='ltr'><strong>matres</strong></span> <span class='ocrx_word' id='word_1_201' title='bbox 1071 2841 1124 2892; x_wconf 87' lang='grc'><strong>505</strong></span> 
     </span>
    </p>
   </div>
   <div class='ocr_carea' id='block_1_18' title="bbox 104 2978 1126 3549">
    <p class='ocr_par' dir='ltr' id='par_1_19' title="bbox 104 2978 1126 3549">
     <span class='ocr_line' id='line_1_31' title="bbox 179 2978 1125 3054; baseline -0.003 -17"><span class='ocrx_word' id='word_1_202' title='bbox 179 2988 230 3038; x_wconf 87' lang='grc'><strong>567</strong></span> <span class='ocrx_word' id='word_1_203' title='bbox 241 2981 313 3037; x_wconf 90' lang='lat' dir='ltr'><strong>nihil</strong></span> <span class='ocrx_word' id='word_1_204' title='bbox 324 2982 359 3053; x_wconf 69' lang='lat' dir='ltr'><strong>Pl</strong></span> <span class='ocrx_word' id='word_1_205' title='bbox 370 2987 424 3036; x_wconf 91' lang='grc'><strong>570</strong></span> <span class='ocrx_word' id='word_1_206' title='bbox 437 2999 462 3036; x_wconf 88' lang='grc'><strong>0.</strong></span> <span class='ocrx_word' id='word_1_207' title='bbox 477 2984 509 3037; x_wconf 77' lang='lat' dir='ltr'><strong>ia</strong></span> <span class='ocrx_word' id='word_1_208' title='bbox 522 2978 541 3049; x_wconf 75' lang='lat' dir='ltr'><strong>p</strong></span> <span class='ocrx_word' id='word_1_209' title='bbox 548 2989 613 3052; x_wconf 86' lang='lat' dir='ltr'><strong>post</strong></span> <span class='ocrx_word' id='word_1_210' title='bbox 621 2999 646 3038; x_wconf 94' lang='grc'>0.</span> <span class='ocrx_word' id='word_1_211' title='bbox 662 2987 717 3038; x_wconf 91' lang='grc'><strong>575</strong></span> <span class='ocrx_word' id='word_1_212' title='bbox 730 2981 1125 3054; x_wconf 73' lang='grc'>1000515501155155555587855</span> 
     </span>
     <span class='ocr_line' id='line_1_32' title="bbox 106 3052 1125 3179; baseline -0.004 -69"><span class='ocrx_word' id='word_1_213' title='bbox 106 3055 244 3110; x_wconf 84' lang='lat' dir='ltr'><strong>adhaeret</strong></span> <span class='ocrx_word' id='word_1_214' title='bbox 255 3052 395 3125; x_wconf 70' lang='grc'>55511578</span> <span class='ocrx_word' id='word_1_215' title='bbox 409 3055 503 3108; x_wconf 88' lang='lat' dir='ltr'><strong>motae</strong></span> <span class='ocrx_word' id='word_1_216' title='bbox 513 3053 661 3179; x_wconf 53' lang='lat' dir='ltr'><strong>Heiaeiqpqt</strong></span> <span class='ocrx_word' id='word_1_217' title='bbox 669 3059 722 3109; x_wconf 85' lang='grc'><strong>574</strong></span> <span class='ocrx_word' id='word_1_218' title='bbox 736 3053 862 3108; x_wconf 85' lang='lat' dir='ltr'><strong>sonantis</strong></span> <span class='ocrx_word' id='word_1_219' title='bbox 877 3053 978 3122; x_wconf 73' lang='grc'>811570</span> <span class='ocrx_word' id='word_1_220' title='bbox 993 3054 1125 3122; x_wconf 87' lang='lat' dir='ltr'><strong>amplexu</strong></span> 
     </span>
     <span class='ocr_line' id='line_1_33' title="bbox 105 3124 1125 3194; baseline -0.001 -15"><span class='ocrx_word' id='word_1_221' title='bbox 105 3125 159 3180; x_wconf 84' lang='lat' dir='ltr'><strong>Fr.</strong></span> <span class='ocrx_word' id='word_1_222' title='bbox 174 3125 293 3180; x_wconf 76' lang='lat' dir='ltr'><strong>Medius</strong></span> <span class='ocrx_word' id='word_1_223' title='bbox 310 3124 441 3194; x_wconf 88' lang='lat' dir='ltr'><strong>amplexu</strong></span> <span class='ocrx_word' id='word_1_224' title='bbox 454 3141 507 3179; x_wconf 90' lang='lat' dir='ltr'><strong>nec</strong></span> <span class='ocrx_word' id='word_1_225' title='bbox 519 3125 599 3180; x_wconf 87' lang='lat' dir='ltr'><strong>nulla</strong></span> <span class='ocrx_word' id='word_1_226' title='bbox 654 3126 766 3192; x_wconf 67' lang='grc'>15150505</span> <span class='ocrx_word' id='word_1_227' title='bbox 778 3127 789 3194; x_wconf 94' lang='grc'><strong>1</strong></span> <span class='ocrx_word' id='word_1_228' title='bbox 802 3130 854 3180; x_wconf 89' lang='grc'><strong>578</strong></span> <span class='ocrx_word' id='word_1_229' title='bbox 872 3142 896 3179; x_wconf 94' lang='grc'>0.</span> <span class='ocrx_word' id='word_1_230' title='bbox 911 3126 944 3179; x_wconf 76' lang='lat' dir='ltr'><strong>ia</strong></span> <span class='ocrx_word' id='word_1_231' title='bbox 960 3125 1024 3178; x_wconf 84' lang='lat' dir='ltr'><strong>tul.</strong></span> <span class='ocrx_word' id='word_1_232' title='bbox 1037 3141 1125 3178; x_wconf 78' lang='grc'>05000</span> 
     </span>
     <span class='ocr_line' id='line_1_34' title="bbox 104 3194 1125 3266; baseline -0.001 -16"><span class='ocrx_word' id='word_1_233' title='bbox 104 3197 179 3250; x_wconf 66' lang='lat' dir='ltr'><strong>enter</strong></span> <span class='ocrx_word' id='word_1_234' title='bbox 196 3213 221 3252; x_wconf 80' lang='grc'>0.</span> <span class='ocrx_word' id='word_1_235' title='bbox 241 3200 296 3252; x_wconf 91' lang='grc'><strong>577</strong></span> <span class='ocrx_word' id='word_1_236' title='bbox 319 3200 344 3250; x_wconf 80' lang='lat' dir='ltr'><strong>et</strong></span> <span class='ocrx_word' id='word_1_237' title='bbox 362 3198 419 3250; x_wconf 88' lang='grc'><strong>580</strong></span> <span class='ocrx_word' id='word_1_238' title='bbox 440 3197 561 3250; x_wconf 74' lang='lat' dir='ltr'><strong>insertae</strong></span> <span class='ocrx_word' id='word_1_239' title='bbox 585 3197 596 3265; x_wconf 94' lang='grc'><strong>1</strong></span> <span class='ocrx_word' id='word_1_240' title='bbox 623 3201 675 3251; x_wconf 87' lang='grc'><strong>578</strong></span> <span class='ocrx_word' id='word_1_241' title='bbox 702 3212 727 3250; x_wconf 86' lang='lat' dir='ltr'><strong>c.</strong></span> <span class='ocrx_word' id='word_1_242' title='bbox 745 3197 779 3250; x_wconf 78' lang='lat' dir='ltr'><strong>in</strong></span> <span class='ocrx_word' id='word_1_243' title='bbox 796 3203 809 3249; x_wconf 84' lang='grc'>0</span> <span class='ocrx_word' id='word_1_244' title='bbox 834 3211 922 3264; x_wconf 81' lang='lat' dir='ltr'><strong>morp.</strong></span> <span class='ocrx_word' id='word_1_245' title='bbox 948 3195 1106 3262; x_wconf 65' lang='lat' dir='ltr'><strong>ademptus</strong></span> <span class='ocrx_word' id='word_1_246' title='bbox 1114 3194 1125 3266; x_wconf 95' lang='grc'><strong>11</strong></span> 
     </span>
     <span class='ocr_line' id='line_1_35' title="bbox 104 3266 1124 3336; baseline 0 -16"><span class='ocrx_word' id='word_1_247' title='bbox 104 3272 158 3322; x_wconf 78' lang='grc'><strong>588</strong></span> <span class='ocrx_word' id='word_1_248' title='bbox 177 3267 255 3322; x_wconf 86' lang='grc'>00105</span> <span class='ocrx_word' id='word_1_249' title='bbox 273 3267 350 3322; x_wconf 83' lang='lat' dir='ltr'><strong>codd.</strong></span> <span class='ocrx_word' id='word_1_250' title='bbox 370 3266 447 3321; x_wconf 88' lang='lat' dir='ltr'><strong>colus</strong></span> <span class='ocrx_word' id='word_1_251' title='bbox 465 3268 566 3336; x_wconf 72' lang='lat' dir='ltr'><strong>empti</strong></span> <span class='ocrx_word' id='word_1_252' title='bbox 583 3283 645 3321; x_wconf 77' lang='lat' dir='ltr'><strong>cam</strong></span> <span class='ocrx_word' id='word_1_253' title='bbox 662 3274 684 3319; x_wconf 81' lang='lat' dir='ltr'><strong>n</strong></span> <span class='ocrx_word' id='word_1_254' title='bbox 703 3269 762 3322; x_wconf 81' lang='lat' dir='ltr'><strong>coll.</strong></span> <span class='ocrx_word' id='word_1_255' title='bbox 781 3284 806 3322; x_wconf 92' lang='grc'>0.</span> <span class='ocrx_word' id='word_1_256' title='bbox 821 3270 877 3322; x_wconf 85' lang='grc'><strong>635</strong></span> <span class='ocrx_word' id='word_1_257' title='bbox 893 3266 974 3322; x_wconf 66' lang='lat' dir='ltr'><strong>Thala</strong></span> <span class='ocrx_word' id='word_1_258' title='bbox 990 3266 1124 3320; x_wconf 78' lang='lat'><strong><em>111242</em></strong></span> 
     </span>
     <span class='ocr_line' id='line_1_36' title="bbox 107 3336 1126 3407; baseline -0.001 -16"><span class='ocrx_word' id='word_1_259' title='bbox 107 3338 139 3391; x_wconf 89' lang='lat' dir='ltr'><strong><em>X</em></strong></span> <span class='ocrx_word' id='word_1_260' title='bbox 157 3341 212 3393; x_wconf 79' lang='grc'><strong>649</strong></span> <span class='ocrx_word' id='word_1_261' title='bbox 238 3342 242 3406; x_wconf 93' lang='grc'><strong>1</strong></span> <span class='ocrx_word' id='word_1_262' title='bbox 267 3337 374 3407; x_wconf 86' lang='lat' dir='ltr'><strong>perfida</strong></span> <span class='ocrx_word' id='word_1_263' title='bbox 396 3336 480 3392; x_wconf 84' lang='lat' dir='ltr'><strong>durat</strong></span> <span class='ocrx_word' id='word_1_264' title='bbox 496 3343 517 3391; x_wconf 79' lang='lat'><strong>1’</strong></span> <span class='ocrx_word' id='word_1_265' title='bbox 540 3339 550 3406; x_wconf 93' lang='grc'><strong>11</strong></span> <span class='ocrx_word' id='word_1_266' title='bbox 577 3342 628 3391; x_wconf 87' lang='grc'><strong>588</strong></span> <span class='ocrx_word' id='word_1_267' title='bbox 654 3339 910 3407; x_wconf 73' lang='lat' dir='ltr'><strong>Interpuactiomm</strong></span> <span class='ocrx_word' id='word_1_268' title='bbox 932 3337 1039 3390; x_wconf 72' lang='lat' dir='ltr'><strong>correxi</strong></span> <span class='ocrx_word' id='word_1_269' title='bbox 1063 3352 1126 3390; x_wconf 77' lang='grc'>0005</span> 
     </span>
     <span class='ocr_line' id='line_1_37' title="bbox 106 3406 1125 3478; baseline -0.003 -15"><span class='ocrx_word' id='word_1_270' title='bbox 106 3409 223 3463; x_wconf 78' lang='grc'>11105510</span> <span class='ocrx_word' id='word_1_271' title='bbox 241 3413 266 3462; x_wconf 82' lang='lat' dir='ltr'><strong>et</strong></span> <span class='ocrx_word' id='word_1_272' title='bbox 284 3408 430 3463; x_wconf 74' lang='grc'>1105550500</span> <span class='ocrx_word' id='word_1_273' title='bbox 452 3409 462 3478; x_wconf 92' lang='grc'><strong>1</strong></span> <span class='ocrx_word' id='word_1_274' title='bbox 490 3413 541 3464; x_wconf 88' lang='grc'><strong>585</strong></span> <span class='ocrx_word' id='word_1_275' title='bbox 570 3407 648 3478; x_wconf 82' lang='lat' dir='ltr'><strong>Figit</strong></span> <span class='ocrx_word' id='word_1_276' title='bbox 664 3411 712 3474; x_wconf 78' lang='grc'><strong>111</strong></span> <span class='ocrx_word' id='word_1_277' title='bbox 733 3409 849 3463; x_wconf 86' lang='lat' dir='ltr'><strong>anhelat</strong></span> <span class='ocrx_word' id='word_1_278' title='bbox 865 3414 905 3460; x_wconf 82' lang='lat' dir='ltr'><strong>tn</strong></span> <span class='ocrx_word' id='word_1_279' title='bbox 933 3408 943 3476; x_wconf 91' lang='grc'><strong>1</strong></span> <span class='ocrx_word' id='word_1_280' title='bbox 970 3412 1022 3461; x_wconf 88' lang='grc'><strong>584</strong></span> <span class='ocrx_word' id='word_1_281' title='bbox 1039 3406 1125 3476; x_wconf 84' lang='lat' dir='ltr'><strong>hujus</strong></span> 
     </span>
     <span class='ocr_line' id='line_1_38' title="bbox 104 3478 1126 3549; baseline -0.003 -15"><span class='ocrx_word' id='word_1_282' title='bbox 104 3480 136 3534; x_wconf 91' lang='lat' dir='ltr'><strong>in</strong></span> <span class='ocrx_word' id='word_1_283' title='bbox 153 3495 219 3534; x_wconf 87' lang='lat' dir='ltr'><strong>nme</strong></span> <span class='ocrx_word' id='word_1_284' title='bbox 237 3482 285 3549; x_wconf 73' lang='grc'><strong>811</strong></span> <span class='ocrx_word' id='word_1_285' title='bbox 308 3484 360 3533; x_wconf 85' lang='grc'><strong>585</strong></span> <span class='ocrx_word' id='word_1_286' title='bbox 379 3479 527 3534; x_wconf 87' lang='lat' dir='ltr'><strong>Alternem</strong></span> <span class='ocrx_word' id='word_1_287' title='bbox 545 3485 565 3531; x_wconf 82' lang='lat' dir='ltr'>P</span> <span class='ocrx_word' id='word_1_288' title='bbox 584 3478 741 3534; x_wconf 65' lang='grc'>(5500001555</span> <span class='ocrx_word' id='word_1_289' title='bbox 763 3479 911 3533; x_wconf 88' lang='lat' dir='ltr'><strong>Alternum</strong></span> <span class='ocrx_word' id='word_1_290' title='bbox 929 3479 1011 3533; x_wconf 77' lang='lat' dir='ltr'><strong>ceteri</strong></span> <span class='ocrx_word' id='word_1_291' title='bbox 1026 3481 1126 3545; x_wconf 90' lang='grc'>155550-</span> 
     </span>
    </p>
   </div>
   <div class='ocr_carea' id='block_1_19' title="bbox 0 0 1264 3925">
    <p class='ocr_par' dir='ltr' id='par_1_20' title="bbox 0 0 1264 3925">
     <span class='ocr_line' id='line_1_39' title="bbox 0 0 1264 3925; baseline 0 0"><span class='ocrx_word' id='word_1_292' title='bbox 0 0 1264 3925; x_wconf 95' lang='lat' dir='ltr'><strong> </strong></span> 
     </span>
    </p>
   </div>
  </div>
 </body>
</html>
