2517 3925
99 196 147 262 80
169 214 178 228 1
475 197 507 254 Ρ.
525 197 664 252 rernm
681 165 801 252 sruuu

99 338 247 428 Munera,
269 346 487 426 uenturosque
509 345 586 408 tuus
609 342 740 407 durabit
760 342 796 406 in
819 362 923 406 annos
1044 413 1046 418 ,

102 428 155 494 Me
176 435 380 498 monstrante
402 430 505 496 dolor.
535 452 640 516 nequo
663 431 749 495 enim
772 429 853 494 mibi
874 429 952 494 flere
975 436 1146 515 parentem

97 515 266 605 Ignotum,
290 519 405 585 similis
427 520 537 605 gemui
558 524 588 584 et
609 520 772 604 proiectus
796 518 837 583 ad
859 517 962 604 ignes.
1136 537 1175 586 40

102 605 162 670 Ille
184 610 265 674 mihi
287 612 345 673 tua
367 608 486 672 damna
508 609 576 673 dies
599 629 801 692 compescere
824 610 922 672 cantu

100 691 232 776 Suadet,
255 697 379 781 etipse
400 697 463 762 tuli
485 718 566 781 quos
588 717 676 761 nunc
697 696 759 761 tibi
780 695 1079 782 conferoquostns.

102 781 181 851 Non
202 787 265 852 tibi
277 786 376 851 ‘clara
397 785 537 870 quidem,
559 785 669 851 senior
690 784 917 869 placidissime,
940 785 1047 870 gentis

100 868 203 941 Linea
225 897 284 940 nec
305 875 438 958 proauis
461 874 637 939 demissum
661 877 807 956 stemma,
830 872 888 937 sed
908 873 1024 958 ingens

97 956 272 1048 Suppleuit
293 963 426 1028 fortuna
448 982 550 1048 genus
573 963 767 1046 culpamque
790 965 963 1046 parentum

101 1047 258 1117 Occuluit.
288 1073 350 1116 neo
373 1052 460 1116 enim
482 1051 632 1116 dominos
655 1051 695 1115 de
717 1050 812 1134 plebe
834 1049 947 1136 tulisti,

101 1136 166 1204 Sed
189 1141 305 1226 quibus
329 1161 462 1214 occasus
485 1139 609 1224 pariter
629 1138 810 1204 famulatur
831 1141 865 1204 et
887 1142 988 1205 ortus.

100 1224 170 1291 Nec
192 1227 297 1313 pudor
318 1227 380 1292 iste
402 1229 477 1293 tibi:
500 1227 576 1313 quid
599 1228 687 1292 enim
710 1228 869 1312 terrisque
892 1229 1031 1313 poloque

100 1314 239 1382 Parendi
262 1317 334 1381 sine
356 1317 427 1402 loge
450 1315 583 1381 manet?
614 1317 686 1381 uico
709 1319 826 1381 cuncta
848 1320 1006 1403 reguntur

69 1453 72 1457 ,
96 1402 306 1490 Alternisque
328 1408 490 1487 premunt.
520 1405 661 1490 propriis
686 1404 746 1469 sub
769 1405 900 1490 regibus
924 1405 1029 1472 omnis

100 1491 213 1576 Terra3
236 1494 354 1578 premit
375 1493 453 1558 felix
474 1514 589 1579 regum
613 1493 797 1558 diademate
819 1493 937 1578 Itoma3

98 1580 194 1646 Hanc
217 1581 351 1646 ducibus
373 1565 502 1647 frenbre
525 1582 651 1666 datum3
675 1603 751 1647 mox
773 1583 887 1647 crescit
907 1583 943 1647 in
965 1583 1039 1649 illos

96 1667 273 1755 Imperium
297 1671 431 1755 superis.
462 1671 518 1735 sed
539 1670 663 1735 habent
685 1673 718 1734 et
740 1670 875 1735 numina
897 1672 1016 1756 legem:

97 1756 206 1823 Seruit
229 1762 263 1824 et
284 1763 448 1825 astrorum
470 1760 565 1824 uelox
588 1759 705 1824 chorus
727 1762 761 1823 et
782 1781 869 1846 uaga
891 1760 992 1824 seruit

98 1846 192 1913 Luna
214 1869 274 1912 nec
297 1847 440 1913 iniussae
461 1849 583 1913 totiens
604 1847 689 1912 redit
712 1848 818 1913 orbita
839 1848 931 1914 lucis.

98 1933 160 2020 Sic,
181 1936 278 2002 modo
302 1937 404 2002 sifus
426 1939 478 2002 est
500 1957 638 2022 aequare
660 1936 800 2002 iacentia
822 1937 967 2022 summis,

98 2024 237 2092 Pertulit
259 2029 292 2089 et
315 2026 404 2090 saeui
426 2026 618 2110 Tirynthius
640 2025 772 2091 horrida
793 2027 881 2111 regis

97 2111 206 2197 Pacta
228 2134 288 2178 nec
312 2114 442 2180 erubuit
462 2114 653 2179 famulantis
675 2114 785 2179 fistule
807 2114 940 2180 Phoebi.

73 2267 76 2272 ,
96 2200 160 2266 Sed
181 2223 285 2285 neque
308 2202 486 2267 barbaricis
509 2202 604 2268 Latio
624 2203 837 2269 transmissus
860 2204 903 2289 ab
927 2203 1005 2269 oris:

94 2288 235 2374 Smyrna
256 2290 317 2356 tibi
340 2291 461 2375 gentile
482 2292 589 2357 solum
611 2295 771 2376 potusque
794 2293 935 2358 uerendo

98 2376 162 2443 Ore
184 2377 287 2443 Meles
311 2376 487 2464 Hermique
509 2380 639 2459 uadum,
662 2402 725 2465 quo
749 2380 869 2464 Lydius
893 2382 997 2446 intrat

96 2465 244 2532 Bacchus
267 2472 301 2532 et
323 2471 439 2533 aurato
462 2468 565 2534 reficit
588 2491 648 2535 sua
671 2490 792 2534 cornua
813 2470 902 2535 limo.
1005 2490 1007 2495 ·

93 2554 194 2620 Laeta
216 2556 331 2621 dehinc
353 2558 450 2622 series
472 2557 635 2642 uariisque
659 2578 698 2623 ex
719 2558 829 2623 ordine
852 2558 937 2623 curis

93 2644 218 2710 Auctus
240 2645 358 2728 honos3
387 2666 577 2731 semperque
600 2646 720 2731 gradm
743 2668 845 2731 prope
866 2646 1014 2732 numina,
1038 2671 1166 2734 semper
1256 2706 1257 2725 2

90 2730 287 2799 Caesareum
309 2734 446 2800 coluisse
469 2735 555 2799 latus
579 2736 742 2820 sacrisque
766 2735 899 2801 deorum
1129 2756 1164 2805 65

93 3030 100 3042 .
164 2966 199 3014 40
217 2960 322 3015 similes
338 2926 469 3043 -llignes
485 2930 540 3029 (uel
557 2940 677 3017 'similem
693 2994 727 3003 -
740 2962 847 3033 ignom)
867 2963 988 3020 Mareu:
1012 2962 1112 3020 similis
1129 2997 1163 3006 -

90 3046 187 3100 ignem
205 3036 223 3083 0
241 3032 389 3101 algemus
406 3036 442 3085 A:
461 3032 545 3101 genui
562 3035 607 3088 uel
625 3032 731 3103 gemini
749 3036 788 3103 01
808 3037 916 3103 etpost
933 3034 1029 3104 gemui
1046 3036 1164 3102 inserui,
1254 3096 1255 3101 ἵ

91 3106 155 3156 ante
173 3102 272 3157 similis
288 3103 393 3158 Marti.
406 3104 416 3172 ΙΙ
429 3108 464 3156 45
479 3103 627 3173 labemque
645 3107 794 3173 parentum
812 3104 983 3161 Schraderus
1019 3106 1053 3161 47
1072 3106 1163 3161 famu-

90 3172 166 3227 latur
179 3177 202 3225 Δ
217 3178 248 3227 ςι
266 3173 440 3228 famulantur
453 3179 470 3225 0
484 3174 494 3243 l
507 3179 541 3228 49
556 3178 658 3229 cuncta
679 3178 884 3245 gerasenos,
899 3193 967 3233 corr.
983 3107 1136 3233 laertius
1161 3178 1164 3201 ¹

90 3248 126 3297 50
144 3246 276 3326 premunt
293 3248 317 3296 Δ
334 3248 365 3298 0:
387 3249 491 3315 regunt
508 3244 657 3301 Mutunus
679 3247 689 3316 l
711 3252 745 3301 05
763 3245 862 3301 iniussi
881 3278 915 3287 -
934 3247 1008 3303 Solis
1029 3248 1134 3304 Marti.

89 3319 128 3437 tl
145 3313 807 3455 ttttttlttlitttttlttt
821 3318 1135 3444 ietffltrffll'fflt

88 3468 159 3507 corr.
179 3454 361 3523 Peyraredus.
379 3454 461 3525 gradi
480 3406 649 3513 Memeiusp
681 3430 686 3441 ι
898 3392 909 3459 ss
988 3407 1022 3459 gr
1060 3408 1079 3444 u
1135 3409 1160 3458 ι’
