2517 3925
134 222 177 285 28
479 220 510 278 Ρ.
528 220 668 277 PAPINII
686 220 812 276 STATII'

136 364 339 433 (leuauerant
362 366 561 449 scissumque
582 386 682 449 pecus
704 369 854 450 terraque
875 364 1021 429 revulsae

135 454 232 520 Ferre
254 454 365 519 trabes
389 457 563 540 gratosque
585 454 646 520 deo
668 458 834 538 praestare
856 453 992 519 furores.

135 542 204 607 Lex
229 543 377 627 procul
367 564 416 607 ire
439 564 561 607 mares.
584 544 685 607 iteret
705 546 882 626 praecepta
901 539 1061 606 verendus

137 630 310 715 Ductor,
300 652 563 716 maccessumque
585 632 664 696 viris
688 632 824 695 edicitur
846 634 987 696 antrum

137 720 207 787 Neo
232 720 314 787 satis
337 723 400 787 est:
424 723 491 787 stet
512 720 577 785 fine
601 720 677 785 dato
701 719 875 785 metuende
898 717 1048 784 sacerdos
1103 731 1160 781 600

136 812 365 898 Exploretque
388 812 509 895 aditus,
532 833 573 877 ne
596 812 669 896 quis
692 811 870 873 temerator
892 807 1024 873 oberret

137 902 282 988 Agmine
304 902 455 967 femineo.
498 900 634 965 Tacitus
658 899 722 963 sibi
744 898 818 963 risit
840 897 996 962 Achilles

136 991 251 1075 Illum,
273 990 439 1075 virgineae
462 990 681 1055 ducentem
655 1011 750 1076 signa
772 992 921 1054 cateruae

137 1079 323 1165 Magnaque
346 1078 473 1143 difficili
495 1078 676 1144 solventem
699 1076 841 1143 brachie
856 1080 948 1142 motu

139 1167 201 1254 (Et
224 1190 318 1233 sexus
341 1168 465 1251 pariter
487 1167 579 1231 decet
602 1172 635 1232 et
657 1167 827 1232 mendacia
848 1162 976 1249 metris)
1103 1177 1158 1227 ooo

138 1255 302 1321 Mirantur
324 1257 467 1321 comites.
512 1253 581 1320 Nec
604 1256 671 1321 iem
693 1256 914 1340 pulcherrima
932 1252 1052 1317 turbae

137 1343 309 1423 Deidamia
333 1365 409 1408 suae
431 1346 624 1428 tantumque
648 1344 781 1409 admota
804 1344 942 1428 superbo

138 1432 291 1497 Vincitur
313 1431 467 1517 Aeacide,
491 1437 647 1516 quantum
669 1433 790 1517 premit
812 1433 886 1516 ipse
908 1450 1045 1496 sorores.

139 1520 188 1585 Ut
210 1542 287 1585 vero
312 1543 329 1585 e
351 1522 448 1585 tereti
471 1520 602 1585 demisit
624 1522 763 1585 nebrida
784 1521 870 1585 col-lo

138 1608 359 1693 Errantesque
383 1610 472 1674 sinus
496 1606 617 1673 hedera
639 1610 772 1695 collegit
795 1613 828 1674 et
851 1610 917 1673 alte
1104 1621 1158 1671 610

139 1695 249 1761 Οιιιιιιι
271 1698 441 1782 purpureis
462 1698 617 1766 flaventia
637 1703 788 1782 tempora
809 1698 908 1762 vittis-

138 1784 357 1869 Vibrevitque
380 1790 473 1871 guard
496 1787 683 1851 redimitum
706 1786 832 1851 missile
855 1786 983 1849 deatrm

138 1875 292 1939 Attonito
316 1877 384 1938 stat
406 1876 502 1941 turba
524 1879 627 1959 metu,
652 1876 817 1959 sacrisque
839 1874 961 1938 relictis

139 1961 238 2027 Illum
263 1963 386 2027 ambire
408 1964 490 2030 libet
511 1985 698 2049 pronosque
721 1965 872 2029 attollere
893 1963 1013 2028 vultus.

140 2050 242 2135 Talis,
256 2052 313 2115 ubi
328 2052 369 2116 ad
378 2051 508 2118 Thebes
522 2053 716 2137 vultumque
730 2054 939 2136 animumque
951 2050 1079 2114 remisit
1106 2065 1159 2116 616

139 2102 264 2204 Euhids
289 2144 322 2204 et
345 2141 452 2224 patrio
476 2142 612 2206 satiavit
634 2145 767 2226 pectora
788 2141 881 2223 luxu,

140 2225 235 2292 Serta
257 2228 359 2293 comis
383 2229 578 2312 mitramque
601 2231 690 2294 levat
710 2229 926 2313 thyrsumque
947 2228 1109 2293 virentem

139 2315 257 2380 Armet
280 2319 314 2380 et
334 2315 471 2380 hostiles
494 2317 609 2381 invisit
631 2317 749 2383 fortior
770 2317 878 2382 Indos.

230 2401 413 2468 Scandebat
436 2425 529 2469 roseo
552 2405 650 2469 medii
671 2405 810 2490 fastigia
832 2405 917 2469 caeli

138 2490 233 2556 Luna
255 2492 349 2576 iugo,
371 2492 451 2557 totis
475 2493 532 2557 ubi
556 2513 688 2558 sommus
711 2493 848 2558 inertior
870 2494 931 2557 alis
1107 2509 1162 2560 620

138 2577 264 2645 Defluit
286 2581 321 2644 in
343 2583 447 2646 terres
471 2585 668 2664 mutumque
684 2582 894 2665 amplectitur
915 2581 1043 2646 orbemt

139 2666 321 2734 Consedere
345 2669 435 2734 ohori
458 2670 656 2754 paulumque
679 2671 820 2734 exercita
842 2670 940 2752 pulsu

138 2757 227 2822 Aera
249 2761 372 2842 tacent,
394 2761 506 2824 teucro
530 2779 603 2822 cum
627 2758 716 2823 solus
741 2759 784 2822 ab
804 2759 937 2843 agmine
959 2757 1108 2822 Achilles

140 2997 207 3044 uero
225 2986 275 3034 PH
293 2998 424 3038 revocare
443 2985 524 3039 cereas
535 2983 539 3056 1
550 2983 720 3068 triethyrrde
728 2989 749 3037 P
758 2983 902 3040 trieterica
915 2983 995 3038 retest
1007 2983 1157 3039 trieteride

138 3085 209 3126 corr.
221 3069 385 3140 Gronovius,
399 3071 435 3136 cf.
454 3071 534 3126 Tbcb.
546 3071 665 3127 1V722
685 3070 754 3125 VII
765 3076 802 3127 99
816 3072 871 3126 IX
882 3076 939 3127 480
952 3071 1020 3126 Sale
1031 3072 1110 3138 116
1120 3076 1160 3128 72

139 3147 192 3195 590
212 3141 283 3210 spise
284 3159 386 3210 umque
403 3145 423 3194 P
439 3143 450 3223 fl
470 3147 522 3196 098
549 3142 677 3212 ΒθιΡΙ
704 3148 756 3197 699
782 3143 912 3197 educitur
924 3146 961 3194 Pt
986 3143 998 3210 ΙΙ
1024 3147 1078 3197 000
1097 3143 1160 3198 Nec

139 3211 207 3265 setis
226 3215 284 3266 stet
302 3214 344 3266 est
362 3216 382 3264 P
398 3212 402 3282 Ι
418 3212 476 3266 vite
491 3213 558 3266 date
571 3211 743 3268 Sclsradems
756 3215 767 3283 fl
780 3219 830 3268 001
846 3213 961 3268 habitus
970 3212 1161 3285 Schradmssll

139 3286 192 3334 602
211 3281 266 3336 sibi
283 3283 346 3336 risit
364 3287 384 3334 P
403 3283 518 3337 subrisit
535 3285 615 3336 actm
632 3284 644 3352 Ι
662 3290 714 3338 009
738 3284 855 3340 stereti
873 3288 924 3336 PE
942 3299 977 3337 ex
994 3283 1078 3338 tereti
1096 3290 1112 3336 t
1129 3213 1161 3338 ei

138 3351 223 3405 tereti
250 3357 295 3418 dp
338 3352 423 3406 tereti
454 3352 610 3408 PollIaes'd.
663 3370 682 3409 e
707 3354 792 3408 tereti
818 3356 923 3424 cdd!
972 3353 1081 3408 dimisit
1106 3355 1160 3496 Ῑυ

140 3425 192 3474 018
218 3421 315 3476 invisit
332 3423 480 3478 PPoLcid.
496 3423 615 3478 Gromo.
635 3424 741 3479 invasit
762 3425 806 3480 ecl
827 3357 938 3480 invadit
954 3430 982 3478 1
1000 3426 1059 3480 edd.
1076 3430 1133 3479 cett

140 3494 191 3544 619
175 3489 287 3545 sniveo
307 3492 439 3547 Mmloias
