2517 3925
92 219 136 284 92
465 219 497 273 P.
515 217 656 274 PAPINII
674 217 796 273 STATII

93 363 228 431 Dedere.
273 365 319 430 sic
342 368 428 430 certe
450 365 575 429 eineres
597 363 810 449 umbramque
833 363 975 446 priorem

94 450 229 530 Quaeris
252 454 366 537 adhuc,
389 453 437 518 sic
459 452 610 538 exequias
634 454 783 536 amplexa
806 453 918 518 canori

94 542 250 629 Coniugis
273 543 423 627 ingentes
445 541 573 606 iterasti
594 544 725 625 pectore
747 541 908 627 planctae,

93 632 164 697 Iam
187 653 266 697 mea
310 651 371 695 nec
393 630 497 715 pietas
521 629 586 694 alia
608 629 741 694 esttibi
764 651 904 714 curaque
926 634 1032 714 natae,

95 719 147 786 Sic
170 724 203 785 et
224 723 329 784 mater
352 740 452 803 amas,
475 719 521 784 sic
542 739 720 802 numquam
743 718 840 783 corde
863 719 983 783 recedit
1130 735 1164 786 55

94 808 182 874 Nata
204 811 270 893 tuo,
292 809 452 892 fixamque
476 807 576 872 animi
598 806 818 890 penetralibus
841 807 916 872 imis

93 895 199 963 Nocte
221 896 335 981 dieque
357 900 458 961 tenes.
501 917 569 960 non
592 896 639 960 sic
656 894 832 960 'lhachinia
853 895 947 961 nidos

93 986 249 1071 Alcyone,
271 1006 391 1049 uernos
414 1006 482 1050 non
505 985 552 1050 sic
574 982 755 1049 Philomela
778 988 912 1068 penates

95 1072 219 1139 Circuit
241 1073 440 1157 amplectens
463 1073 669 1158 animamque
692 1073 727 1136 in
748 1074 888 1158 pignora
910 1073 1076 1139 transfert.

93 1161 140 1227 Et
161 1184 248 1227 nunc
271 1162 328 1227 illa
349 1165 440 1246 tepet
462 1161 560 1227 uiduo
584 1161 670 1246 quod
694 1161 764 1226 sola
788 1162 899 1227 cubili:
1128 1179 1165 1228 60

94 1250 170 1316 Otia
192 1254 260 1315 tam
283 1250 438 1335 pulchrae
460 1250 539 1314 terit
564 1250 741 1315 infecunda
762 1251 924 1337 iuuentae,

96 1337 158 1404 Sed
180 1340 321 1422 uenient,
345 1338 451 1423 plenis
473 1339 606 1403 uenient
629 1339 770 1404 conubia
792 1339 905 1405 taedis.

95 1426 148 1492 Sic
170 1431 256 1493 certe
279 1427 468 1512 formaeque
490 1427 584 1492 bonis
607 1429 772 1512 animique
794 1432 949 1514 meretur3

95 1514 170 1580 Siue
193 1514 311 1599 chelyn
335 1515 503 1599 complexa
525 1516 601 1580 ferit
623 1538 681 1582 seu
704 1538 783 1582 uoce
806 1520 943 1601 paterna

94 1602 292 1674 Discendum
314 1603 417 1670 Musis
441 1608 539 1668 sonat
561 1608 595 1669 et
617 1627 690 1670 mea
713 1607 857 1670 carmina
879 1605 994 1692 flectit,
1129 1622 1167 1673 05

95 1690 242 1758 Candida
264 1713 321 1758 seu
344 1693 435 1758 molli
457 1693 579 1758 diducit
600 1692 734 1758 brachia
756 1697 861 1758 motu:

94 1781 266 1867 Ingenium
288 1784 433 1866 probitas
456 1785 623 1867 artemque
650 1781 811 1847 modestia
833 1783 944 1847 uincit.

94 1869 213 1936 Nonne
235 1871 324 1937 leues
347 1892 473 1957 pueros,
495 1893 562 1937 non
583 1875 626 1956 te,
650 1868 821 1956 Cytherea,
838 1871 973 1956 pudebit

94 1958 166 2025 Hoc
189 1983 316 2026 cessare
340 1960 458 2027 decus?
480 1983 540 2026 nec
562 1964 692 2026 tantum
714 1958 820 2026 Roma
842 1959 966 2046 iugales

95 2047 277 2114 Concilione
298 2053 388 2115 toros
411 2050 574 2134 festasque
598 2049 772 2115 accendere
794 2050 907 2115 taedas
1130 2066 1167 2117 ⁷0

95 2136 243 2202 Fertilis:
266 2140 299 2201 et
321 2142 435 2203 nostra
457 2139 567 2224 generi
589 2138 706 2203 tellure
730 2138 901 2204 dabuntur.

95 2224 173 2292 Non
195 2226 274 2291 adeo
298 2224 459 2291 Uesuinus
483 2249 564 2310 apex
587 2231 621 2292 et
643 2227 793 2292 flammea
816 2227 878 2291 diri

95 2313 218 2379 Montis
240 2314 345 2379 hiems
368 2315 511 2398 trepidas
534 2316 684 2381 exhausit
705 2315 831 2381 ciuibus
855 2315 967 2381 urbes:

97 2400 193 2467 Stant
212 2403 406 2487 populisque
428 2404 550 2489 uigent
594 2404 672 2469 hine
696 2405 824 2489 auspice
847 2402 978 2469 condita
1000 2403 1133 2472 Phoebo

96 2490 196 2556 'lecta
218 2491 389 2557 Dicarchei
412 2496 590 2578 portusque
613 2496 647 2557 et
671 2493 770 2557 litora
793 2493 913 2557 mundo
1130 2512 1166 2563 75

96 2579 250 2664 Hospita:
273 2584 309 2645 at
329 2580 407 2645 hine
429 2601 568 2665 magnae
590 2584 715 2646 tractus
738 2581 902 2646 imitantia
923 2581 1048 2649 Romae

96 2668 186 2744 Quae
208 2667 317 2753 Capys
341 2669 483 2734 aduectis
505 2670 647 2754 inpleuit
669 2670 798 2734 moenia
820 2669 964 2736 Teucris.

96 2756 219 2822 Nostra
242 2778 369 2842 quoque
392 2761 426 2822 et
447 2758 590 2842 propriis
613 2758 721 2824 tenuis
744 2779 804 2822 nec
827 2780 902 2824 rara
925 2760 1048 2825 colonis

95 2972 308 2982 -η-ῴ-

167 3132 200 3182 57
219 3125 360 3182 trachinia
385 3132 416 3181 5:
438 3125 559 3181 intracia
580 3125 620 3180 Δ*
639 3132 656 3179 0
682 3129 693 3197 ΙΙ
720 3132 754 3183 60
772 3129 852 3198 tepet
868 3130 981 3198 compsi:
1005 3132 1085 3186 tenet
1103 3132 1123 3183 0
1139 3150 1165 3201 ι,

94 3214 148 3267 quo
169 3203 279 3253 sensato
301 3196 418 3253 uiduam
440 3197 533 3251 cubile
556 3197 720 3265 Geaarliae,
743 3200 850 3269 aolpol
869 3206 901 3255 e1
921 3202 981 3254 tam
1000 3199 1166 3257 Geaartr'as:

94 3271 152 3324 iam
171 3274 189 3321 0
207 3288 224 3321 a
240 3271 251 3338 l
270 3274 303 3324 03
322 3268 489 3337 animaeque
507 3272 526 3319 0
543 3285 570 3338 a,
587 3285 658 3324 corr.
679 3274 697 3324 ς
716 3272 725 3338 ΙΙ
743 3276 778 3325 64
795 3270 862 3325 ferit
881 3271 1001 3326 Morti:
1019 3273 1093 3343 petit
1110 3278 1128 3324 0
1148 3292 1166 3326 ι

94 3339 104 3410 ll
123 3346 156 3396 ‘12
176 3339 326 3394 uesuuinus
344 3345 380 3405 Δ;
403 3339 556 3394 decaron
579 3341 662 3409 liquet
684 3344 694 3411 u
717 3345 751 3395 74
769 3340 834 3397 hinc
853 3342 1000 3396 Heinsius:
1019 3342 1066 3397 hic
1085 3349 1102 3395 0
1121 3362 1139 3396 ι
1156 3343 1167 3417 {l

97 3415 129 3463 75
153 3410 258 3464 mundo
280 3410 336 3475 (ael
365 3409 437 3479 Boii)
461 3409 582 3467 Morth-
612 3410 710 3466 mundi
733 3416 786 3464 ca
808 3413 888 3482 ponti
913 3413 958 3467 orl
980 3413 1066 3468 musis
1089 3413 1166 3468 Bur·

94 3495 214 3533 mannas
