2517 3925
428 190 618 248 smursun
635 191 666 246 n.
685 191 720 261 7,
739 197 764 246 s.

60 337 111 402 Tu
134 337 235 421 deris,
255 335 411 420 Crispino,
433 337 522 420 mihi,
545 357 727 421 cuneosque
750 357 808 420 per
831 357 944 400 omncs

61 425 108 490 Te
130 438 225 491 meus
250 426 418 491 absentem
437 425 721 509 circumspectabit
741 423 896 490 Achilles.

61 511 124 579 Sed
147 515 263 580 uenies
286 514 401 580 melior
422 511 551 598 (uatum
573 535 641 578 non
663 513 757 578 irrita
780 515 911 578 currunt

61 600 212 690 Omina),
230 603 348 689 quique
367 602 491 686 aquilas
510 602 573 667 tibi
591 623 678 667 nunc
697 605 730 666 et
747 605 854 668 castra
872 601 1017 685 recludit,
1079 615 1130 666 165

59 691 151 756 Idem
176 714 290 756 omnes
312 692 452 776 perferre
475 691 596 776 gradem
618 691 769 776 cingique
792 691 940 774 superbis

60 779 221 845 Fascibus
245 784 281 846 et¹
299 780 423 864 patrias
446 781 539 846 dabit
559 780 718 844 insedisse
741 780 877 844 curules.

61 866 125 933 Sed
148 869 223 954 quis
246 870 288 934 ab
311 870 447 934 excelsis
470 869 629 934 Troianae
653 868 789 934 collibus
813 868 926 950 Albae,

59 956 156 1022 Unde
180 979 257 1022 suae
279 959 372 1023 iuxta
393 960 580 1042 prospectat
601 957 733 1023 moenia
753 957 877 1021 Romae

59 1045 232 1112 Proximus
254 1047 310 1110 ille
333 1047 421 1131 deus,
442 1047 531 1112 fama
552 1047 697 1112 uelocior
718 1046 821 1111 intret
1080 1059 1130 1109 170

60 1132 205 1200 Nuntius
229 1138 325 1220 etque
342 1139 417 1201 tuos
435 1134 559 1221 implet,
577 1134 736 1220 Crispino,
753 1135 909 1220 penates?

59 1223 219 1289 Dicebam
240 1228 342 1290 certe:
364 1227 478 1289 uatum
499 1247 568 1290 non
589 1224 683 1289 irrita
705 1221 838 1289 currunt
906 1218 911 1244 ²

58 1313 219 1399 Auguria.
264 1315 318 1378 en!
341 1315 455 1398 ingens
479 1317 602 1378 reserat
623 1313 687 1378 tibi
709 1313 807 1378 limen
829 1313 991 1378 honorum

61 1398 184 1466 Caesar
207 1405 240 1467 et
261 1402 402 1467 Ausonii
424 1402 601 1468 committit
623 1403 735 1466 munia
757 1403 845 1466 ferri.

59 1490 161 1575 Uade,
183 1513 273 1575 puer,
295 1492 461 1575 tantisque
482 1491 596 1556 enixus
618 1491 732 1556 suffice
755 1491 863 1575 donis,
1078 1504 1129 1553 175

58 1579 161 1665 Felix,
184 1581 240 1665 qui
261 1601 382 1666 magno
405 1582 471 1645 iam
494 1602 581 1644 nunc
604 1579 666 1645 sub
688 1579 837 1664 praeside
859 1580 947 1645 iuras

61 1667 185 1754 (tuique
208 1690 300 1734 sacer
321 1670 462 1755 primum
484 1669 585 1734 tradit
607 1668 819 1734 Germanicus
841 1668 967 1732 ensem!

60 1757 140 1822 Non
162 1759 271 1824 minus
293 1759 364 1843 hoc,
387 1759 467 1824 forti
490 1781 589 1843 quam
611 1759 640 1823 si
662 1758 724 1823 tibi
746 1757 903 1842 panderet
925 1756 995 1840 ipse

57 1845 261 1931 Bellipotens
285 1849 409 1933 aquilas
432 1851 589 1933 toruaque
611 1841 857 1913 induceret⁸ora

58 1932 203 2002 Casside.
248 1937 331 2003 uade
354 1939 460 2003 alacer
477 1938 665 2023 maioraque
687 1937 775 2003 disce
793 1936 923 2002 mereril
1077 1949 1127 1999 180

565 2168 624 2233 ΠΙ.

307 2306 508 2363 EPIOEDION
528 2306 570 2361 IN
591 2306 745 2362 PATREM
767 2306 877 2361 SUUM.

57 2435 133 2519 lpse
157 2435 260 2498 malas
284 2434 369 2499 uires
393 2438 426 2499 et
447 2435 658 2500 lamentabile
681 2456 812 2500 carmen

57 2521 175 2607 Elysio
199 2522 238 2586 de
261 2523 350 2588 fonte
373 2523 455 2588 mihi
478 2524 673 2609 pulsumque
696 2523 847 2587 sinistrae

57 2609 117 2693 Da,
142 2610 272 2696 genitor
293 2612 455 2696 perdocte,
476 2613 578 2697 lyrae.
621 2633 726 2696 neque
750 2612 837 2677 enim
860 2614 955 2676 antra
977 2632 1108 2675 mouere

9 2759 10 2768 ,
56 2697 153 2763 Delia
169 2721 231 2786 nec
254 2700 384 2765 solitam
405 2701 457 2766 fas
480 2705 531 2766 est
552 2701 719 2785 impellere
744 2698 904 2783 Cyrrhum
934 2708 935 2711 ’

9 2809 10 2836 ÷
56 2787 102 2851 Te
126 2788 207 2853 sine.
252 2786 389 2873 Corycia
412 2790 564 2876 quicquid
587 2789 684 2855 modo
707 2788 858 2854 Phoebus
881 2787 917 2850 in
940 2787 1063 2871 umbra,
1109 2803 1125 2851 5

58 2876 218 2961 Quicquid
236 2877 278 2941 ab
301 2878 447 2943 Ismariis
470 2880 678 2943 monstrabat
701 2877 837 2943 collibus
860 2875 989 2959 Euhan,

126 3108 184 3157 162
207 3102 299 3157 deeris
322 3107 345 3156 Δ
367 3103 418 3173 011
442 3110 494 3161 los
517 3120 623 3176 perque
646 3105 687 3159 ire
705 3105 808 3175 gradm
826 3104 977 3169 Horetum
998 3102 1062 3169 sort.
1082 3120 1125 3157 su·

56 3189 155 3242 perure
179 3174 184 3242 1
210 3172 339 3243 cingique
362 3178 398 3228 Δε
421 3174 567 3246 cingitque
590 3181 608 3227 0
636 3177 647 3246 ΙΙ
675 3181 726 3231 168
751 3176 781 3230 Si
803 3176 866 3245 quis
885 3180 903 3226 0
922 3183 939 3226 'a
960 3175 971 3243 ΙΙ
995 3179 1047 3227 170
1066 3174 1125 3227 deis

55 3246 94 3298 ed.
120 3244 218 3299 Pcrm.
239 3246 316 3312 1175
339 3244 419 3300 Uade
441 3249 478 3301 A:
501 3246 623 3301 Undae
646 3248 656 3316 ss
681 3252 732 3301 178
751 3246 818 3301 forti
835 3246 949 3313 ammei:
971 3243 1053 3298 fortis
1073 3246 1090 3294 0
1109 3263 1126 3296 a

56 3314 138 3369 sortis
148 3316 286 3370 Heinmus
297 3317 352 3371 hoc
365 3315 456 3387 fortis,
470 3334 555 3387 quam
565 3318 671 3373 Mortt.
686 3319 696 3387 ΙΙ
710 3322 762 3373 180
777 3316 890 3371 Casside
901 3320 920 3369 s
930 3334 958 3368 a:
978 3313 1094 3369 Casside
1108 3316 1125 3365 0

124 3386 173 3440 ΠΙ.
206 3386 375 3455 3'predoete
394 3393 411 3439 0
430 3406 455 3455 ι,
476 3404 546 3444 corr.
566 3393 584 3444 ς
605 3432 611 3444 .
630 3389 773 3459 praeclare
794 3387 899 3441 Mortl.
916 3386 920 3453 Ι
936 3385 1043 3439 mouen'
1063 3391 1080 3435 0
1099 3404 1124 3452 a,

55 3453 123 3511 corr‘.
145 3458 217 3526 §ld
237 3456 406 3512 resinae:
425 3459 528 3515 Desine
548 3465 566 3515 ς
586 3479 603 3514 ι
