2517 3925
453 211 642 268 sunnon
659 212 692 267 u.
709 212 732 281 1,
751 218 775 267 s.
1098 214 1140 278 31

68 355 129 421 Uir
150 357 243 421 locus
267 354 425 439 Eurotae,
446 355 560 420 uiridis
583 378 657 421 cum
679 356 792 441 regula
813 357 914 441 longo
1106 374 1142 424 40

69 444 221 528 Synnada
244 444 401 509 distinctu
424 444 552 509 uariat..
574 465 643 509 non
665 444 788 509 lumina
811 449 954 526 cessant,

68 533 237 619 Effulgent
259 554 419 617 camerae,
441 532 533 597 uario
555 532 690 618 fastigia
711 533 797 599 uitro

69 622 106 685 ln
130 621 256 706 species
281 621 427 685 animata
447 621 565 685 nitent.
603 624 713 705 supet
730 622 802 705 ipse
824 622 938 686 beatu

68 708 311 793 Circumplexns
335 731 413 793 opes
435 713 470 774 et
491 710 620 793 parcius
642 710 783 794 imperat
803 711 899 795 ignis.

69 796 194 863 Multus
218 798 338 882 ubique
361 798 443 881 dies,
465 798 564 863 radiis
587 798 644 862 ubi
666 799 809 863 culmina
831 798 910 863 totis

71 885 223 957 Perforat
245 889 342 970 atque
365 887 428 952 alio
453 887 502 951 sol
524 887 692 971 improbus
714 887 819 951 uritur
842 889 943 951 aestu.

69 972 124 1040 Nil
147 976 195 1040 ibi
217 975 393 1058 plebeium3
415 996 579 1059 nusquam
601 974 777 1039 Temesaea
799 975 929 1041 notabis

68 1064 166 1146 Aera,
191 1063 247 1127 sed
270 1066 405 1149 argento
428 1062 506 1127 felix
527 1062 722 1149 propellitur
744 1064 832 1128 unda

67 1153 278 1237 Argentoque
301 1152 387 1216 cadit
408 1152 572 1236 labrisque
594 1151 776 1217 nitentibus
799 1152 902 1217 instat

68 1239 211 1306 Delicias
232 1241 352 1305 mirata
374 1262 450 1305 suas
473 1244 507 1305 et
530 1240 619 1304 abire
641 1245 780 1306 recusat.

66 1328 172 1393 Extra
196 1331 304 1393 autern
326 1330 422 1393 niueo
441 1330 497 1413 qui
520 1328 666 1413 margine
689 1330 835 1394 caerulus
858 1330 963 1395 amnis

69 1416 164 1482 Uiuit
186 1421 220 1481 et
243 1417 284 1481 ab
308 1439 434 1483 summo
457 1417 595 1482 fundum
617 1420 709 1501 patet
731 1418 836 1483 omnis
858 1419 894 1482 in
916 1419 1031 1504 imum,

69 1504 127 1571 Cui
153 1528 223 1571 non
243 1506 291 1571 irc
314 1506 386 1571 lacu
408 1506 582 1592 pigrosque
606 1506 771 1570 exsoluere
790 1508 927 1572 amictus

70 1592 234 1659 Suadeat‘?
269 1594 332 1660 hoe
355 1595 467 1659 mallet
488 1594 580 1659 nasci
603 1591 767 1678 Cytherea
787 1595 964 1680 profundo,

68 1682 130 1749 Hic
155 1687 188 1747 te
211 1684 417 1766 perspicuum
440 1684 567 1767 melius,
591 1680 757 1768 Narcisso,
779 1683 920 1768 uideres,

68 1770 129 1836 Hic
154 1771 251 1836 uelox
272 1770 395 1836 Hecate
418 1772 500 1836 uelit
522 1774 555 1835 et
577 1771 737 1856 deprensa
758 1772 870 1835 lauari.

70 1858 152 1935 Quid
173 1881 262 1925 nunc
285 1863 389 1925 strata
412 1860 482 1925 solo
505 1860 644 1923 referam
666 1859 816 1925 tabulata
838 1861 1000 1943 crepantis

68 1948 230 2014 Auditura
252 1949 350 2034 pilas,
372 1952 410 2014 ut
432 1948 605 2035 languidus
627 1949 714 2034 ignis
737 1948 862 2013 inerrat

68 2037 213 2103 Aedibus
236 2041 269 2101 et
290 2041 423 2103 tenuem
446 2039 585 2104 uoluunt
605 2037 810 2123 hypocausta
831 2038 1008 2122 uaporem?

69 2125 136 2191 Nec
161 2129 191 2190 si
213 2125 346 2192 Baianis
368 2126 479 2192 ueniat
500 2148 606 2191 nouus
628 2126 746 2210 hospes
769 2126 811 2190 ab
835 2127 910 2211 oris,

70 2215 163 2278 Talia
186 2214 344 2298 despiciat
366 2216 431 2298 (fas
454 2215 499 2280 sit
521 2235 714 2298 componere
736 2216 865 2300 maguis

69 2301 198 2390 Panna),
221 2301 373 2368 Neronea
395 2325 454 2369 nec
478 2303 533 2388 qui
556 2303 653 2368 modo
676 2303 763 2368 lotus
786 2305 822 2367 in
844 2303 946 2388 unda,

68 2391 129 2456 Hic
153 2392 275 2456 iterum
300 2392 414 2457 sudare
437 2394 544 2478 neget.
579 2394 685 2456 macte
709 2413 764 2457 ore
786 2393 906 2457 nitenti

68 2479 197 2565 Ingenii
221 2501 359 2565 curaque
382 2483 477 2564 puer!
505 2483 613 2545 tecum
635 2481 700 2544 ista
723 2483 906 2564 senescant,

69 2567 112 2633 nt
134 2573 194 2633 tua
217 2569 282 2633 iam
306 2577 337 2634 in
360 2570 475 2634 melius
499 2568 603 2634 discat
625 2569 758 2668 fortuna
780 2570 922 2633 renasci!
1106 2586 1140 2635 65

136 2854 174 2903 40
192 2847 280 2902 uiridi
298 2854 323 2902 ct
340 2849 427 2918 longe
443 2849 524 2906 Dom.
538 2850 548 2918 l
562 2855 595 2902 41
616 2848 780 2904 distinctum
794 2852 817 2900 Δ
832 2853 857 2914 c,
873 2864 943 2903 corr.
959 2849 1120 2904 Politiauus
1136 2850 1140 2922 Ι

69 2919 176 2974 lumina
195 2924 226 2972 ῦς
244 2919 343 2974 limina
360 2925 385 2972 Δ
404 2921 493 2988 ςΙΙ43
508 2920 634 2974 animata
649 2919 769 2974 Marti:
787 2918 937 2989 animoque
956 2925 1005 2973 ca
1023 2921 1143 2976 animos·

69 3007 119 3058 que
137 2990 223 3045 Dom.
241 2989 368 3045 animosa
385 2990 521 3046 Heinsius
538 2991 548 3060 fl
566 2996 601 3046 47
619 2990 765 3045 themesea
782 3008 813 3043 a:
835 2991 977 3046 teumessa
994 2994 1039 3047 ael
1059 2995 1142 3046 tenus

69 3067 150 3115 esec
188 3067 223 3115 52
242 3060 272 3115 in
289 3061 408 3116 fundum
425 3079 536 3116 summo
554 3080 581 3133 p.
602 3077 626 3116 o.
646 3061 682 3115 ab
700 3061 758 3114 imo
777 3064 960 3129 tta-correxi
976 3064 988 3132 ll
1005 3069 1043 3118 5?
1058 3063 1140 3117 tubu-

69 3131 126 3187 late.
189 3173 196 3186 .
221 3132 258 3186 A.
279 3131 391 3200 Becher,
415 3131 514 3188 Gallus
538 3133 561 3186 I
575 3149 606 3201 p.
625 3137 682 3188 281
706 3132 716 3200 l
739 3135 774 3184 58
792 3134 825 3186 ut
848 3148 909 3202 epo:
931 3133 982 3190 ubi
1000 3138 1018 3184 ο
1036 3151 1054 3185 r
1074 3134 1085 3200 l
1106 3139 1139 3186 sl

70 3202 205 3273 despiciet
232 3208 250 3254 c
274 3221 291 3255 a
311 3205 321 3272 ΙΙ
345 3210 378 3258 63
397 3219 434 3273 sq.
460 3207 552 3259 macte
580 3219 628 3258 oro
656 3201 761 3257 nitenti
786 3202 903 3272 Ingenio
931 3219 1053 3272 curaque
1068 3206 1097 3253 ,c
1115 3218 1141 3268 a,

71 3275 195 3400 correncg1
222 3273 337 3398 Inplenio
356 3274 488 3344 cultuque
508 3275 614 3332 Morti.
638 3276 648 3343 ΙΙ
670 3279 704 3328 65
722 3273 753 3328 in
774 3273 876 3330 melius
896 3274 1015 3330 Marici:
1041 3271 1142 3326 melius

71 3351 119 3398 ca
136 3363 166 3400 m
196 3344 241 3400 ior
282 3347 402 3400 :acutius
