2517 3925
109 211 152 275 48
481 207 512 264 Ρ.
530 206 670 263 Perruu
689 205 813 264 suern

112 352 261 420 Culmina
282 353 471 437 uisendique
493 350 603 422 uices?
625 373 687 417 sua
709 351 825 436 cuique
846 352 998 435 uoluptas

113 444 222 528 Atque
245 442 523 525 omniproprium
544 440 692 511 thalamo
713 460 818 524 mue,
843 443 999 526 bmsque
1021 441 1185 519 iacentem

111 530 219 597 Nerea
242 531 377 600 diuersis
401 529 501 601 seruit
523 550 583 600 sua
605 532 693 598 terra
714 528 881 603 fenestris:
1147 548 1184 598 re

110 620 200 687 Haeo
222 620 312 688 uidet
332 618 507 703 Inarimen,
528 618 619 687 illino
641 616 805 701 Prochyta
826 638 944 702 aspera
963 623 1089 703 ecastr

111 709 263 794 Armiger
284 708 349 775 hac'
369 708 483 793 magni
504 710 596 792 patet
617 704 779 790 Herum,
801 706 877 777 inde
899 707 1081 793 mulierum

111 797 199 863 Aera
221 798 359 882 respirat
380 797 497 882 pelago
519 796 710 869 circumflua
729 792 843 879 Nesis3

111 886 190 951 Inde
213 887 306 972 uagis
329 906 426 951 omen
447 885 525 957 felix
547 884 696 972 Euploea
716 883 837 953 culinis
935 938 940 945 .

111 973 263 1060 Quaeque
286 975 361 1041 ferit
383 995 500 1049 curuos
523 978 635 1045 exerta
655 972 800 1058 Megalia
822 973 951 1057 eurus,
1146 990 1182 1043 8⁰

110 1063 253 1149 Angitur
274 1063 337 1131 hae
359 1063 492 1129 domino
515 1064 631 1133 contra
652 1062 827 1135 recubante
851 1062 1030 1149 proculque

114 1151 305 1217 Surrentina
326 1154 401 1218 tuus
425 1154 551 1235 spectat
573 1151 739 1235 praetoria
760 1149 887 1218 Limon

111 1240 174 1305 Hla
197 1244 308 1305 tamen
330 1240 455 1305 cunctis
477 1240 591 1323 procul
613 1240 735 1311 emina
756 1261 823 1307 una
844 1237 982 1319 diectic‚'

113 1327 203 1404 Quae
225 1330 286 1394 tibi
308 1328 538 1412 Parthenopen
561 1329 690 1400 derecto
711 1328 817 1399 limite
837 1328 931 1412 ponti
1037 1387 1041 1393 .

110 1417 248 1501 Ingerit:
271 1418 325 1484 hie
348 1416 442 1484 Grais
465 1417 594 1501 penitus
617 1417 747 1486 desecta
770 1418 913 1484 momnis
1147 1434 1184 1485 85

114 1505 212 1590 Saua3
236 1506 322 1591 quod
344 1505 434 1573 ane
456 1507 617 1592 respergit
639 1528 726 1572 uena
747 1504 878 1591 Syenes,

113 1594 264 1679 Synnade
287 1595 374 1680 quod
396 1597 522 1667 maesta
544 1594 709 1680 Phrygiae.
728 1595 839 1663 fodere
861 1615 1000 1667 securus.

113 1682 176 1747 Per
198 1681 336 1768 Cybeles
358 1684 500 1770 lugentis
523 1705 631 1771 agros,
652 1683 709 1750 ubi
729 1705 891 1755 marmore
913 1684 1002 1767 picto

114 1769 260 1839 Candida
282 1794 444 1857 purpureo
468 1772 679 1859 distinguitur
700 1776 898 1857 areagy103
925 1830 928 1835 .
1177 1832 1181 1838 .

111 1859 174 1926 Hic
198 1865 231 1926 et
252 1860 422 1946 Amyclaei
445 1883 574 1927 caesum
598 1862 639 1927 de
662 1864 775 1928 moute
797 1861 938 1946 Lycurgi
1147 1879 1184 1931 ⁹0

112 1948 206 2026 Quod
228 1951 313 2016 uiret
336 1954 369 2020 et
390 1950 507 2018 molles
529 1951 679 2020 imitatur
699 1950 834 2035 rupibus
855 1950 983 2034 herbas,

112 2037 176 2104 Hic
199 2039 385 2112 Nomadum
407 2042 515 2108 lucent
537 2041 692 2106 fiauentia
714 2061 793 2106 saxa
815 2039 1005 2124 Tbasosque

112 2126 157 2192 Et
179 2126 279 2194 Chios
302 2132 337 2194 et
358 2131 503 2214 gaudens
525 2130 643 2198 fluetus
665 2150 803 2213 aequare
826 2127 995 2213 Carystos:

112 2215 229 2281 Omnia
252 2215 452 2286 Chalcidicas
475 2221 581 2287 turres
604 2219 744 2286 obuersa
767 2218 921 2288 salutent

111 2303 220 2370 Macte
233 2306 340 2371 animo
356 2307 443 2392 quod
457 2305 556 2374 Graia
569 2307 697 2392 probes,
721 2306 807 2392 quod
820 2306 920 2372 Graia
932 2307 1121 2391 frequentas
1146 2322 1185 2374 95

113 2392 216 2478 Arua3
240 2416 300 2460 nec
322 2395 491 2464 inuideant
513 2418 595 2482 quae
617 2400 652 2461 te
675 2417 814 2482 genuere
836 2395 990 2463 Dicarchi

93 2481 257 2570 Moenia!
281 2506 340 2549 nos
364 2484 460 2551 docto
482 2486 597 2555 melius
620 2486 783 2569 potiemur
805 2486 947 2555 alumno.

113 2568 196 2645 Quid
218 2594 304 2637 nunc
325 2573 410 2640 ruris
435 2596 513 2658 opes
535 2577 701 2659 pontoque
722 2574 857 2641 nouulia
879 2573 984 2641 dicam

111 2659 234 2725 Iniecta
258 2664 291 2725 et
312 2663 457 2730 madidas
480 2662 627 2730 Baccheo
650 2665 781 2731 nectare
801 2662 922 2746 rupes?

113 2745 215 2834 Saepe
237 2771 296 2834 per
317 2754 508 2818 autumnum
529 2751 595 2818 iam
617 2751 813 2834 pubescente
836 2751 946 2837 Lyaeo
1128 2767 1185 2818 loo

113 2835 310 2904 Conscendit
332 2841 482 2924 scopulos
505 2840 676 2924 noctisque
698 2841 826 2906 occulta
846 2841 906 2906 sub
930 2839 1045 2911 umbre
1115 2893 1118 2897 ›

183 3125 216 3175 78
235 3119 323 3174 neseis
342 3126 365 3173 Δ
383 3126 401 3172 0
421 3122 431 3190 ΙΙ
454 3126 487 3176 79
506 3121 633 3191 Euploea
650 3120 747 3176 Dom..·
765 3122 872 3177 euboea
890 3124 972 3192 101
992 3128 1026 3177 81
1045 3123 1100 3177 hac
1118 3139 1184 3193 epo:

111 3193 141 3245 et
159 3196 176 3243 c
195 3209 212 3242 a
233 3188 301 3246 hinc
324 3190 443 3257 Marti„
465 3193 514 3261 qai
532 3197 557 3245 et
574 3191 674 3261 procul
692 3192 741 3261 qui
766 3195 777 3263 ΙΙ
803 3198 837 3247 82
856 3193 957 3248 Limon
974 3193 1071 3249 Dorta:
1093 3194 1186 3250 limen

111 3260 186 3315 Δ*ς
205 3261 303 3316 limam
326 3263 372 3316 ael
393 3260 481 3317 liman
504 3267 522 3314 ⁰
544 3263 554 3332 ΙΙ
576 3267 609 3316 83
634 3262 688 3317 Illa
705 3266 817 3332 carpsi:
835 3265 898 3319 Una
916 3269 934 3316 ⁰
953 3283 970 3317 a
992 3265 1066 3320 Ante
1084 3267 1186 3320 tamen

113 3334 228 3387 cunctas
248 3332 353 3388 Marti.
374 3334 384 3403 ΙΙ
407 3337 441 3388 85
465 3333 575 3390 delecta
593 3339 611 3386 0
630 3352 656 3401 a,
673 3349 742 3390 corr.
762 3336 938 3405 Auentiuet
960 3339 995 3392 86
1013 3341 1040 3391 et
1057 3342 1090 3391 87
1111 3341 1186 3405 quot

112 3406 130 3453 ο
149 3421 173 3470 a,
192 3418 261 3458 corr.
283 3408 301 3457 ς
320 3406 330 3474 ΙΙ
348 3410 382 3462 93
400 3421 521 3474 aequare
543 3406 601 3471 (uel
618 3405 706 3463 fluctu
724 3408 841 3476 cenare)
860 3407 1030 3462 Salmasius:
1051 3411 1184 3476 specbme

110 3477 128 3522 ο
147 3475 186 3542 an
201 3478 234 3526 95
254 3477 335 3542 grata
353 3506 386 3516 -
406 3478 488 3545 grata
506 3481 523 3528 0
541 3495 567 3547 ι,
586 3493 655 3534 corr.
674 3477 826 3534 Geuortiue
