2517 3925
74 208 103 244 v1
406 184 575 240 EDITORIS
594 183 812 239 PRAEFATIO.

74 353 145 397 roro
171 332 253 415 qood
274 351 310 395 er
333 327 482 413 Gallio*)
506 330 641 413 Poppias
664 327 789 394 Gallico
815 329 965 411 seriptum
986 348 1084 393 morra
1105 328 1142 393 in

75 422 207 486 Italiam
236 420 391 485 attulerat.
436 418 469 483 A
495 438 554 502 qao
581 418 721 483 uidelicet
744 438 807 482 arro
835 418 903 483 lr'oel
927 418 1069 483 mendoso
1091 418 1141 482 de-

68 514 262 593 proaatoqae
288 513 317 573 ot
342 506 394 591 (at
414 506 565 591 arbitror)
592 507 686 572 otium
708 506 870 571 dimidiato
900 506 1013 588 reliqui
1039 526 1143 571 aona

74 599 187 663 ooolr'oos
208 598 264 679 qai
285 602 360 662 suat
380 598 416 661 io
437 597 581 661 moarbrs
598 600 777 660 manarant.
815 594 918 675 Quare
939 595 1041 661 ooatio
1063 594 1143 659 mibi
1250 621 1254 630 ·

72 687 138 767 frat
158 706 196 751 oe
217 686 294 768 qaid
314 686 350 749 r'rr
371 686 546 768 oorrr'poodo
567 684 622 749 boo
643 688 747 749 rostro
770 684 809 748 ab
831 684 885 749 illo
898 689 1059 748 mutarem.
1092 684 1143 749 No

73 775 175 839 airola
203 780 240 839 at
266 774 387 861 adsolet
403 774 569 858 'dilipeoto‘a
595 778 652 838 orat
677 772 756 838 mrbr'
783 777 840 837 aot
865 774 970 838 atatis
995 773 1144 839 sareas
1252 807 1253 814 κ

74 868 201 945 amaa.
249 862 345 943 Quem
366 864 395 928 sr'
417 864 542 928 modam
565 866 700 927 terrerem
720 862 810 926 raba
832 861 981 927 lrbroram
1003 864 1143 928 emendu-
1252 867 1253 940 j

76 957 154 1017 tores
176 953 399 1033 moderatore
421 952 556 1033 priores,
588 952 694 1017 miore
715 951 812 1015 mallo
836 950 951 1016 loboris
972 952 1008 1015 io
1029 951 1087 1015 boo
1108 972 1143 1017 re

74 1061 169 1121 prora
195 1061 279 1105 arro
304 1040 449 1105 tabernas
475 1040 662 1105 bobererars.
713 1038 790 1105 Uale
816 1040 871 1121 qui
898 1040 980 1123 lepis,
1007 1045 1036 1104 et
1061 1042 1145 1123 qaod
1252 1095 1253 1104 ,

73 1130 174 1194 sedato
196 1129 325 1209 fecimus
341 1148 439 1217 panem
456 1128 528 1194 torol
542 1129 671 1193 corsola
704 1128 791 1193 Tros
804 1128 942 1211 Arpolrs
955 1128 1142 1194 Politraaas.

162 1215 241 1282 Post
262 1215 462 1282 Politianum
485 1238 558 1282 oum
581 1237 677 1281 nemo
702 1215 946 1302 sangallensem
970 1218 1070 1281 oculis
1093 1218 1143 1281 ui-
1252 1213 1253 1218 ’

74 1305 172 1388 derit,
199 1305 295 1369 huius
321 1306 479 1369 memoria
506 1308 594 1370 eerts
621 1304 688 1369 fere
718 1305 823 1371 omnis
846 1305 888 1370 ab
910 1305 997 1370 illius
1024 1304 1143 1390 pendet

73 1393 265 1458 conlatione.
310 1415 387 1457 nam
425 1394 460 1457 in
493 1392 715 1478 sangallensis
747 1394 937 1479 apographo
974 1416 1055 1459 saec.
1078 1393 1140 1458 XV
1252 1433 1253 1466 g

73 1482 161 1547 laeto
183 1482 320 1547 nonita
340 1502 460 1567 magna
483 1485 533 1547 est
555 1482 644 1567 fides,
666 1486 704 1548 ut
725 1482 812 1547 infra
836 1483 1141 1549 demonstrabimus,

75 1570 131 1634 sed
147 1569 307 1641 'Politiani
333 1592 459 1655 quoque
488 1571 659 1637 collatione
682 1574 719 1637 ut
741 1571 919 1636 frueremur
940 1572 1050 1656 plena,
1075 1594 1143 1637 non
1252 1587 1253 1654 l

75 1659 251 1742 permisere
280 1659 391 1723 inuida
420 1660 499 1725 fata.
535 1661 724 1744 priusquam
754 1664 863 1725 autem
894 1661 1073 1726 accuratius
1103 1661 1143 1726 de

76 1768 114 1811 ea
137 1747 303 1833 disseram,
324 1748 365 1813 de
389 1747 528 1815 editione
551 1750 696 1833 principe
720 1745 779 1835 (a),
801 1750 892 1814 ouius
916 1750 1090 1834 exemplari
1108 1751 1143 1814 in

75 1836 297 1901 uniuersitatis
321 1836 465 1903 lenensis
492 1838 693 1905 bibliothece
714 1838 839 1902 extanti
860 1842 943 1922 utor,
970 1860 1075 1922 psuoa
1097 1839 1142 1903 di·

74 1925 183 1991 oenda.
227 1925 320 1991 fiuxit
347 1926 407 1992 illa
434 1948 474 1992 ex
501 1927 609 1994 eodiee
636 1927 713 1995 libri
735 1925 954 2012 Rehdigerani
977 1927 1142 1993 simillimo

74 2014 211 2097 quidem,
235 2015 290 2080 sed
314 2015 425 2080 eodem
448 2017 553 2102 magis
577 2017 644 2080 iam
665 2016 844 2099 deprauata
865 2016 1141 2103 interpolatoque3

72 2105 239 2186 praeterea
263 2124 280 2165 e
303 2102 495 2186 typothetae
518 2105 614 2188 eulpa
636 2103 760 2168 mendis
783 2108 834 2169 est
851 2105 1021 2189 inquinata
1042 2105 1150 2189 pluri*

73 2190 150 2273 mis3
173 2190 337 2255 nonnullis
360 2190 440 2256 loeis
464 2191 562 2257 etiam
582 2192 715 2257 editoris
734 2193 936 2258 coniecturae
954 2195 1143 2278 plerumque

72 2281 178 2344 reatae
193 2277 483 2362 deprehenduntur.
514 2281 580 2345 ism
598 2281 695 2345 huius
714 2281 787 2347 edit
809 2281 964 2366 principis
979 2283 1144 2367 exemplar

74 2363 301 2432 Oorsinianum
330 2389 401 2432 eam
432 2369 534 2434 subiit
562 2369 729 2435 fortunam
759 2373 808 2453 ut,
837 2374 1011 2455 postquam
1040 2372 1075 2435 in
1103 2393 1143 2436 ea

72 2452 253 2520 Politianus
292 2456 400 2520 uarias
433 2458 589 2524 lectiones
625 2480 643 2523 e
677 2456 882 2544 Sangallensi
918 2459 1142 2544 adnotauerat,

72 2542 171 2608 homo
195 2543 326 2628 quidem
349 2546 433 2610 male
457 2546 587 2612 sedulus
610 2547 645 2611 in
668 2547 797 2632 singula
814 2547 894 2613 folia
913 2549 1052 2633 spongia
1074 2570 1142 2613 sae-

72 2631 165 2696 uiret.
211 2655 274 2716 quo
302 2632 425 2698 factum
452 2639 503 2700 est
529 2638 566 2699 ut
591 2635 679 2701 haud
702 2657 825 2720 pausae
853 2657 950 2702 uooes
972 2637 1142 2702 litterasue

72 2719 171 2803 plane
195 2720 377 2786 delerentur
396 2725 454 2788 aut
470 2725 518 2789 ita
536 2724 735 2790 diluerentur
753 2728 791 2789 ut
806 2725 902 2790 hodie
920 2725 975 2790 uix
992 2726 1142 2790 umbram

73 2829 373 2964 erranti·
410 2813 1143 2968 nultqualrnnttnru

76 2985 189 3050 doctus
218 2921 441 3073 suasqaliqullrt
467 2993 564 3056 notas
588 2992 853 3073 coniecturaeque
876 2991 994 3056 adiecit
1016 2990 1141 3056 diffieil-

143 3231 167 3299 *)
187 3218 265 3288 Idem
289 3230 446 3288 Politianus
465 3234 500 3288 ad
519 3251 631 3290 uersum
653 3233 684 3288 in
701 3234 878 3306 interpolatis
896 3234 977 3290 libris
994 3236 1060 3304 post
1078 3233 1140 3289 silu.

73 3300 119 3369 14,
130 3307 163 3356 86
178 3303 313 3358 insertum
331 3303 401 3358 haee
419 3304 548 3360 adnotat:
567 3306 611 3360 bio
629 3321 725 3360 aerem
742 3308 813 3361 deret
830 3308 862 3360 ia
875 3307 946 3360 libro
959 3305 1142 3360 uastisamo

68 3375 156 3442 pappi
180 3375 261 3442 quie
283 3375 425 3444 permeato
443 3377 475 3430 ia
494 3377 611 3430 Italiam
630 3381 668 3430 ar
685 3377 798 3445 relatus,
823 3375 908 3431 uariis
926 3375 976 3430 ille
995 3374 1142 3430 Heluetiae

71 3444 310 3513 appellationibus
328 3463 404 3513 usus3
424 3445 458 3501 ef.
479 3445 601 3502 Blassius
619 3447 638 3501 l.
657 3447 676 3501 1.
