2517 3925
102 202 166 268 134
463 202 494 257 P.
513 201 653 265 PAPINII
672 203 794 262 STATII

96 355 246 440 Effigies:
264 354 327 419 hoc
346 373 418 418 aere
437 351 543 435 Ceres,
565 351 628 415 hoc
651 351 757 416 lucida
777 349 908 438 Onosis,

67 465 71 470 ’
96 443 158 508 Illo
181 442 268 507 Maia
290 442 392 525 tholo,
415 440 535 510 Uenus
549 440 612 504 hoc
634 462 702 504 non
724 441 872 524 improba
895 464 983 508 saxo.

97 532 273 616 Accipiunt
294 532 404 595 uultus
426 530 509 594 haut
529 529 700 613 indignata
723 529 856 595 decoros

95 618 252 685 Numina:
275 620 486 684 circumstant
508 617 623 682 famuli
646 621 863 701 consuetaque
885 620 982 684 turba
1117 641 1172 690 2³5

97 708 283 794 Obsequiis‚
305 713 383 773 tunc
406 707 468 772 rite
491 707 557 772 tori
579 727 774 791 mensaeque
797 711 953 790 parantur

96 797 265 862 Assiduae.
311 797 427 863 domus
450 796 524 881 ista,
547 794 675 861 domus!
701 795 772 879 quis
795 795 890 860 triste
914 799 1099 882 sepulcrum

98 885 247 951 Dixerit?
270 887 331 951 hac
354 886 470 950 merito
493 885 565 949 uisa
587 884 708 967 pietate
731 883 840 948 mariti

96 973 249 1040 Protinus
273 975 446 1040 exclames:
470 973 537 1038 ‘est
558 973 621 1056 hic,
645 993 796 1058 agnosco,
819 973 969 1041 minister

96 1062 197 1147 Illius,
222 1068 373 1130 aeternae
396 1063 493 1127 modo
518 1062 573 1147 qui
596 1061 738 1127 sacraria
761 1063 871 1147 genti
1114 1085 1171 1136 240

97 1150 250 1218 Condidit
271 1153 369 1237 inque
392 1152 456 1218 alio
478 1151 589 1236 posuit
611 1173 670 1215 sua
694 1151 800 1215 sidera
822 1152 932 1218 caelo?

97 1238 158 1323 Sic,
181 1242 247 1309 ubi,
261 1263 380 1326 magna
403 1263 526 1306 nouum
549 1239 669 1305 Phario
693 1239 732 1304 de
755 1241 850 1305 litore
873 1243 989 1326 puppis

97 1327 204 1394 Soluit
225 1331 287 1394 iter
310 1331 439 1414 iamque
462 1330 650 1396 innumeros
673 1328 834 1413 utrimque
857 1330 1007 1396 rudentes

97 1416 242 1503 Lataque
266 1418 391 1484 ueliferi
413 1419 557 1502 porrexit
578 1418 711 1484 brachia
734 1419 812 1482 mali

96 1505 286 1591 Inuasitque
308 1508 389 1591 uias,
412 1509 447 1572 in
470 1507 582 1574 eodem
605 1511 746 1593 angusta
768 1508 920 1591 phaselos

97 1594 247 1680 Aequore
271 1601 303 1662 et
325 1597 476 1662 immensi
494 1601 620 1681 partem
645 1597 706 1662 sibi
725 1596 870 1662 uindicat
893 1601 1003 1665 austri.

96 1683 181 1759 Quid
203 1707 289 1751 nunc
312 1686 500 1771 inmodicos,
522 1687 676 1751 iuuenum
698 1685 882 1770 lectissime,
904 1688 1001 1754 fletus

97 1770 201 1838 Corde
224 1775 316 1840 foues
339 1776 537 1861 longumque
559 1779 652 1840 uetas
677 1777 763 1841 exire
782 1774 948 1840 dolorem?

95 1858 221 1946 Nempe
243 1864 348 1947 times,
370 1885 411 1928 ne
435 1862 611 1929 Cerbereos
634 1864 783 1930 Priscilla
805 1868 980 1931 tremescat

95 1949 270 2038 Latratus?
292 1956 380 2018 tacet
401 1953 456 2017 ille
478 1953 554 2038 piis!
580 1976 622 2019 ne
645 1954 770 2021 tardior
793 1953 878 2019 adsit

94 2038 218 2106 Nauita
240 2042 471 2127 proturbetque
494 2044 610 2108 uadis?
646 2044 737 2108 uehit
758 2044 813 2107 ille
835 2048 994 2109 merentes

95 2129 249 2195 Protinus
274 2135 307 2195 et
329 2152 441 2196 manes
464 2131 609 2215 placidus
633 2132 721 2197 locat
743 2132 872 2216 hospite
895 2133 1018 2216 cymba.

95 2216 276 2302 Praeterea,
300 2219 327 2284 si
351 2220 479 2304 quando
502 2221 557 2304 pio
579 2220 711 2286 laudata
733 2223 851 2286 marito

94 2303 220 2372 Umbra
242 2309 342 2394 uenit,
365 2309 455 2373 iubet
477 2309 523 2373 ire
548 2309 633 2376 faces
657 2309 852 2395 Proserpina
874 2312 977 2377 laetas

93 2393 315 2481 Egressasque
339 2397 438 2463 sacris
462 2402 586 2463 ueteres
614 2400 765 2465 heroidas
790 2401 893 2464 antris

94 2482 231 2549 Lumine
253 2507 415 2569 purpureo
438 2488 550 2552 tristes
573 2488 684 2553 laxare
707 2489 857 2554 tenebras

94 2569 251 2657 Sertaque
275 2577 307 2638 et
328 2574 460 2659 Elysios
483 2576 610 2641 animae
634 2582 856 2662 praesternere
879 2577 982 2645 flores.

93 2657 147 2726 Sic
169 2684 281 2726 manes
299 2662 446 2729 Priscilla
469 2665 571 2750 subit3
598 2666 645 2730 ibi
669 2668 811 2750 supplice
835 2666 948 2733 dextra
1059 2722 1071 2745 ,

92 2747 156 2815 Pro
179 2754 212 2815 te
235 2750 304 2816 fata
326 2756 430 2837 rogat,
453 2773 545 2837 reges
567 2753 629 2818 tibi
652 2756 756 2819 tristis
778 2754 903 2820 Auerni

92 2836 215 2922 Placet,
239 2845 275 2904 ut
298 2842 433 2926 expletis
456 2841 591 2906 humani
613 2842 732 2907 finibus
757 2844 828 2908 aeui

91 2925 268 2992 Pacantem
290 2934 394 2995 terras
418 2930 585 2995 dominum
607 2931 821 3017 iuuenemque
844 2934 1007 3019 relinquas

83 3013 167 3098 ¹Ipse
191 3020 300 3083 senex!
338 3024 445 3085 certae
468 3019 577 3083 iurant
598 3019 634 3084 in
657 3024 735 3086 uota
758 3044 893 3088 sorores.

162 3180 214 3230 232
234 3174 333 3232 Gnosis
353 3181 370 3226 0
389 3194 414 3245 a,
432 3177 541 3233 eorreci
552 3178 563 3245 l
576 3182 628 3230 233
647 3176 707 3233 tolo
725 3183 749 3232 Δ
767 3185 797 3234 c:
819 3180 882 3236 loco
905 3198 934 3247 ις
954 3198 1022 3237 auro
1038 3182 1160 3250 Martl.;
1252 3180 1253 3193 ¹

91 3262 130 3299 uu
148 3245 318 3316 lut0311236
337 3249 405 3301 tune
422 3251 446 3300 Δ
464 3252 494 3300 0:
514 3248 578 3301 tum
595 3249 655 3303 edd,
682 3247 692 3318 ll
720 3254 771 3303 238
791 3250 843 3306 hec
866 3254 1007 3321 ⁰⁸l243
1027 3254 1160 3324 utrinque

91 3319 129 3369 A:
152 3318 291 3386 utrunque
310 3317 707 3390 0112451n11t60umiu3q
726 3325 777 3374 247
795 3320 898 3378 lectius.
922 3326 959 3377 A:
982 3323 1118 3380 letissime
1141 3332 1160 3378 (2

94 3385 170 3455 l252
194 3389 305 3458 cymba]
328 3388 391 3457 ripa
415 3388 519 3444 Markl.
533 3390 543 3457 ΙΙ
557 3393 608 3443 253
627 3390 739 3459 plorata
756 3391 858 3446 marito
878 3393 983 3448 Marti.
998 3396 1008 3463 l
1022 3400 1073 3449 261
1093 3395 1159 3450 Pla·
1252 3456 1253 3473 χ

91 3458 203 3512 cantem
221 3463 239 3510 G
257 3477 275 3510 a
