2517 3925
107 252 147 287 ιιι
444 227 616 284 EDITORIS
634 226 852 283 PRAEFATIO.

107 377 255 441 inmensa
285 373 423 439 materia
459 372 633 457 prudenter
665 393 704 437 ea
735 393 818 457 quae
849 372 984 438 alicuius
1019 368 1181 439 momenti

108 467 217 529 essent
239 462 357 548 eligere
380 465 562 547 coegerunt.

197 550 376 635 Postquam
406 552 513 615 autem
542 549 667 616 Domit'
657 572 708 615 rus
741 546 930 615 Oalderinus
960 549 1094 635 eiusque
1123 552 1182 617 ad-

108 640 269 706 uersarius
300 639 446 724 Angelus
478 637 676 723 Politianus,
710 637 826 703 deinde
856 636 1021 703 Auantius
1060 640 1182 724 quique

109 728 246 793 Aldinae
270 731 472 812 curauerunt,
494 748 570 793 mox
585 726 778 792 Bernartius
798 726 1034 812 Geuartiusque
1052 732 1086 793 et
1099 726 1180 794 (ιιι

110 818 246 919 nouius,
269 820 339 881 tum
367 814 402 883 Ο.
424 814 491 880 Βιι
491 815 579 881 thius
607 819 641 880 et
663 814 799 881 Guietus
822 814 1090 902 Peyraredusque
1116 829 1179 901 pro

110 928 168 971 suo
193 906 329 991 quisque
358 905 490 991 ingenio
518 907 634 988 poetae
656 902 877 987 Neapolitano
900 903 1039 969 salutem
1060 905 1181 971 lucem-

110 1015 172 1079 que
196 996 245 1059 att
230 993 383 1077 t,ulerunt
406 992 515 1057 extitit
500 992 637 1058 teidem
655 1014 715 1075 par
733 991 919 1058 criticorum
936 992 1180 1059 nobilissimum

110 1082 219 1167 quoqd
219 1103 259 1147 ue
274 1044 420 1147 Dauniae
435 1078 596 1146 Camenae
610 1084 773 1146 amatores
786 1102 963 1165 numquam
981 1081 1061 1147 satis
1075 1083 1182 1167 suspi-

110 1106 219 1254 cient,q
228 1168 386 1235 Nicolaus
404 1168 612 1234 Heinsiuset
628 1168 783 1235 Ieremias
801 1168 1021 1236 Marklandus.
1044 1174 1078 1237 et
1090 1170 1184 1236 ιιιιιιι

111 1256 242 1343 quidem
265 1256 373 1359 studia
395 1258 587 1342 Papiniano,
609 1258 758 1341 utpote
748 1281 783 1323 m
805 1258 874 1323 eius
892 1256 1097 1324 Aduersariis
1120 1260 1183 1324 cri-

110 1347 184 1414 ticis
207 1345 370 1431 uariisque
394 1345 637 1412 commentariis
664 1346 845 1430 latitantia,
872 1347 979 1412 minus
1002 1347 1039 1411 in
1060 1348 1183 1432 uulgus

112 1437 306 1501 enotuenmt
337 1456 441 1519 neque
473 1456 512 1501 eo
544 1456 608 1519 quo
640 1457 701 1519 par
730 1438 801 1499 erat
786 1434 949 1501 thonore
977 1435 1082 1501 adhuc
1105 1441 1184 1502 sunt

110 1524 227 1588 hab1a
191 1516 274 1609 )
311 1523 352 1588 ad
370 1522 519 1589 huiuset
504 1522 721 1589 tMarklandi
737 1523 856 1589 merita
872 1527 959 1589 recte
977 1525 1187 1591 aestimanda

111 1633 289 1697 numquam
317 1611 647 1677 obliuiscendumt
597 1615 659 1695 est,
686 1611 753 1676 fere
777 1633 906 1677 omnem
929 1634 1040 1678 eorum
1062 1613 1102 1678 de
1125 1614 1184 1678 sil-

110 1722 225 1765 uarum
249 1699 436 1766 condicione
460 1700 572 1765 critica
593 1662 749 1766 notitiam
771 1700 936 1765 stetisse
926 1723 961 1765 m
983 1702 1185 1768 editionibus

112 1790 239 1872 aliquot
261 1788 415 1873 uetustis;
442 1789 526 1855 unde
554 1790 595 1855 ob
623 1789 727 1873 ipsius
754 1788 957 1854 fundamenti
979 1789 1185 1855 incertitudi-

109 1900 186 1943 nem
215 1899 270 1943 eos
302 1900 321 1943 a
350 1900 428 1945 uero
457 1878 620 1943 interdum
648 1878 816 1943 aberrasse
843 1878 952 1943 claret.
1001 1878 1112 1964 ithuc
1139 1880 1185 1944 ab

111 1967 259 2052 ingenio,
283 1966 369 2052 quod
391 1967 519 2052 utrique
543 1989 621 2032 sane
645 1966 792 2032 diuinum
815 1970 895 2050 erat,
918 1967 1075 2032 auxilium
1098 1969 1184 2052 peti-

111 2060 242 2139 uertmt3
271 2060 305 2120 et
332 2056 470 2120 accessit
495 2055 626 2141 ingenio
655 2055 786 2120 assidua
812 2058 984 2139 poetarum
1005 2056 1185 2122 latinorum

111 2143 210 2208 lectio
234 2164 336 2226 eaque
360 2165 441 2228 quae
464 2143 619 2208 iudicium
641 2165 708 2209 non
731 2144 883 2210 obrueret
901 2144 1050 2210 doctrina
1066 2144 1186 2210 solida.

110 2232 163 2296 his
186 2231 363 2296 uirtutibus
390 2231 542 2297 instructi
564 2231 685 2296 mirum
707 2235 758 2296 est
780 2237 860 2317 quot
881 2232 933 2296 illi
954 2231 1099 2298 maculas
1122 2232 1181 2296 sil-

111 2321 163 2385 uis
193 2319 249 2384 det
250 2319 401 2406 erserint,
373 2322 468 2385 tut
489 2320 617 2385 nescias
649 2321 715 2385 utri
743 2342 854 2386 eorum
880 2320 1023 2405 palmam
1045 2320 1184 2388 deferas.

113 2408 170 2473 sed
192 2407 358 2509 Heinsius,
380 2409 437 2496 qui
458 2431 526 2475 non
547 2408 669 2472 iustam
692 2409 848 2475 siluarum
869 2410 1090 2476 recensionem
1113 2410 1185 2495 egit

113 2496 170 2562 sed
197 2497 304 2562 desult
289 2497 409 2562 toriam
435 2501 494 2582 pot
494 2497 544 2562 ius
573 2518 705 2589 operam
733 2499 780 2563 eis
807 2497 979 2583 impendit,
1004 2498 1114 2564 nescio
1138 2520 1185 2563 en

113 2584 373 2670 natiua'mgcnii
394 2585 552 2651 felicitate
574 2587 648 2668 plus
671 2582 886 2670 praestiterit,
916 2608 989 2651 cum
1012 2587 1185 2652 contram
1252 2654 1253 2665 ,

112 2672 304 2739 Marklando
327 2675 432 2740 maius
455 2675 572 2740 mentis
602 2697 736 2741 acumen
760 2675 804 2739 sit
789 2673 1061 2741 tadmirandum.
1097 2675 1184 2759 quod
1252 2732 1253 2739 ,

185 2920 217 2989 *)
226 2919 294 2988 quin
313 2918 372 2974 eius
390 2919 472 2974 notas
490 2919 631 2974 interdum
649 2918 737 2973 tacite
755 2919 953 2988 excripserunt
972 2918 1062 2974 ueluti
1079 2935 1181 2988 nuper-

114 2988 203 3044 rimns
222 2989 356 3045 siluarum
375 2988 473 3059 editor,
493 2989 634 3045 Gustauus
650 2988 798 3059 Queclrins,
817 2990 853 3045 ad
867 2990 950 3057 tva,
969 2995 1013 3059 20,
1030 2992 1184 3087 postquam

114 3061 282 3131 scripturam
296 3060 424 3115 codicum
446 3032 552 3130 ιιιιιιιι,
565 3061 637 3116 haec
650 3060 746 3130 posuit
760 3060 857 3128 (praef.
871 3079 900 3130 p
909 3033 1013 3129 xlm:
1036 3061 1182 3144 Legimus

115 3147 194 3201 ergo:
219 3133 264 3186 aa
281 3146 374 3201 septaes
387 3132 489 3201 populi
505 3133 566 3186 oica
582 3136 726 3201 precatus
764 3133 899 3205 scriptum
917 3131 1010 3186 fuerat
1027 3133 1114 3186 aaa
1130 3149 1182 3200 pro

112 3202 222 3272 aequis!
260 3202 364 3257 hausta
386 3204 452 3257 sunt
473 3203 544 3256 haec
566 3217 657 3272 paene
680 3201 717 3256 ad
739 3195 857 3256 uerbum
880 3218 915 3257 ex
937 3201 1047 3256 Heinsii
1064 3202 1181 3258 Aduers
1251 3256 1252 3267 ,

114 3291 142 3342 p.
153 3279 263 3328 loa-
279 3275 402 3328 ceterum
416 3271 508 3326 adfuit
520 3272 602 3327 nobis
620 3289 655 3326 ex
672 3271 847 3328 bibliotheca
864 3270 1057 3327 uniuersitatis
1071 3271 1182 3327 Gottin-

115 3343 209 3466 qensis
231 3343 306 3410 inter
328 3341 386 3396 alia
409 3343 446 3396 ad
465 3341 586 3396 Statium
608 3340 781 3413 pertinentia
802 3343 945 3412 exemplar
967 3342 1099 3397 editionis
1117 3343 1182 3397 Iin-

135 3412 358 3483 enbrogianaef
349 3431 380 3466 m
398 3429 454 3493 qua
468 3412 644 3468 Burmannus
660 3428 723 3467 cum
733 3429 797 3468 suas
815 3416 874 3468 tum
884 3412 994 3467 Heinsii
1008 3414 1183 3469 coniecturas

113 3483 261 3553 plerasque
280 3481 434 3551 adscripsit
