<?xml version="1.0" encoding="UTF-8"?>
<!DOCTYPE html PUBLIC "-//W3C//DTD XHTML 1.0 Transitional//EN"
    "http://www.w3.org/TR/xhtml1/DTD/xhtml1-transitional.dtd">
<html xmlns="http://www.w3.org/1999/xhtml" xml:lang="en" lang="en">
 <head>
  <title>
</title>
<meta http-equiv="Content-Type" content="text/html;charset=utf-8" />
  <meta name='ocr-system' content='tesseract 3.04.00' />
  <meta name='ocr-capabilities' content='ocr_page ocr_carea ocr_par ocr_line ocrx_word'/>
</head>
<body>
  <div class='ocr_page' id='page_1' title='image "./silvae01baehgoog_0110.png"; bbox 0 0 2517 3925; ppageno 0'>
   <div class='ocr_carea' id='block_1_1' title="bbox 442 199 846 290">
    <p class='ocr_par' dir='ltr' id='par_1_1' title="bbox 442 199 846 290">
     <span class='ocr_line' id='line_1_1' title="bbox 442 199 846 290; baseline 0.015 -18"><span class='ocrx_word' id='word_1_1' title='bbox 442 218 629 275; x_wconf 71' lang='lat' dir='ltr'>struncon</span> <span class='ocrx_word' id='word_1_2' title='bbox 648 221 679 275; x_wconf 83' lang='lat' dir='ltr'>n.</span> <span class='ocrx_word' id='word_1_3' title='bbox 698 220 747 290; x_wconf 86' lang='lat'>111,</span> <span class='ocrx_word' id='word_1_4' title='bbox 766 228 791 277; x_wconf 82' lang='lat'>4.</span> <span class='ocrx_word' id='word_1_5' title='bbox 832 199 846 220; x_wconf 77' lang='lat'>&#39;&#39;</span> 
     </span>
    </p>
   </div>
   <div class='ocr_carea' id='block_1_2' title="bbox 4 362 1228 1867">
    <p class='ocr_par' dir='ltr' id='par_1_2' title="bbox 4 362 819 448">
     <span class='ocr_line' id='line_1_2' title="bbox 4 362 819 448; baseline 0.002 -19"><span class='ocrx_word' id='word_1_6' title='bbox 4 396 5 401; x_wconf 41' lang='lat'>¹</span> <span class='ocrx_word' id='word_1_7' title='bbox 81 364 213 429; x_wconf 83' lang='lat' dir='ltr'>Dicitur</span> <span class='ocrx_word' id='word_1_8' title='bbox 234 363 357 428; x_wconf 89' lang='lat' dir='ltr'>Idalios</span> <span class='ocrx_word' id='word_1_9' title='bbox 380 362 495 448; x_wconf 80' lang='lat' dir='ltr'>Erycis</span> <span class='ocrx_word' id='word_1_10' title='bbox 519 362 558 428; x_wconf 89' lang='lat' dir='ltr'>de</span> <span class='ocrx_word' id='word_1_11' title='bbox 581 365 701 431; x_wconf 90' lang='lat' dir='ltr'>uertice</span> <span class='ocrx_word' id='word_1_12' title='bbox 724 366 819 432; x_wconf 89' lang='lat' dir='ltr'>lucos·</span> 
     </span>
    </p>

    <p class='ocr_par' dir='ltr' id='par_1_3' title="bbox 80 452 1163 697">
     <span class='ocr_line' id='line_1_3' title="bbox 84 452 1059 542; baseline 0.004 -25"><span class='ocrx_word' id='word_1_13' title='bbox 84 452 174 517; x_wconf 90' lang='lat' dir='ltr'>Dum</span> <span class='ocrx_word' id='word_1_14' title='bbox 197 452 279 536; x_wconf 88' lang='lat' dir='ltr'>petit</span> <span class='ocrx_word' id='word_1_15' title='bbox 303 457 336 516; x_wconf 88' lang='lat' dir='ltr'>et</span> <span class='ocrx_word' id='word_1_16' title='bbox 358 453 471 516; x_wconf 89' lang='lat' dir='ltr'>molles</span> <span class='ocrx_word' id='word_1_17' title='bbox 496 453 600 538; x_wconf 78' lang='lat' dir='ltr'>agitat</span> <span class='ocrx_word' id='word_1_18' title='bbox 622 453 735 518; x_wconf 89' lang='lat' dir='ltr'>Uenus</span> <span class='ocrx_word' id='word_1_19' title='bbox 759 477 857 521; x_wconf 85' lang='lat' dir='ltr'>aurea</span> <span class='ocrx_word' id='word_1_20' title='bbox 880 475 1013 542; x_wconf 81' lang='lat' dir='ltr'><strong>cygnos,</strong></span> <span class='ocrx_word' id='word_1_21' title='bbox 1054 459 1059 466; x_wconf 83' lang='grc'><strong>“</strong></span> 
     </span>
     <span class='ocr_line' id='line_1_4' title="bbox 82 541 1163 630; baseline 0.005 -25"><span class='ocrx_word' id='word_1_22' title='bbox 82 541 280 626; x_wconf 80' lang='lat' dir='ltr'>Pergameas</span> <span class='ocrx_word' id='word_1_23' title='bbox 304 542 445 606; x_wconf 75' lang='lat' dir='ltr'><strong>intrasse</strong></span> <span class='ocrx_word' id='word_1_24' title='bbox 468 541 591 626; x_wconf 86' lang='lat' dir='ltr'>domos,</span> <span class='ocrx_word' id='word_1_25' title='bbox 614 543 670 606; x_wconf 90' lang='lat' dir='ltr'>ubi</span> <span class='ocrx_word' id='word_1_26' title='bbox 692 543 851 609; x_wconf 85' lang='lat' dir='ltr'>maximus</span> <span class='ocrx_word' id='word_1_27' title='bbox 875 547 981 630; x_wconf 83' lang='lat' dir='ltr'>aegris</span> <span class='ocrx_word' id='word_1_28' title='bbox 1160 541 1163 545; x_wconf 70' lang='grc'><strong>’</strong></span> 
     </span>
     <span class='ocr_line' id='line_1_5' title="bbox 80 629 791 697; baseline 0.004 -3"><span class='ocrx_word' id='word_1_29' title='bbox 80 630 268 695; x_wconf 83' lang='lat' dir='ltr'>Auxiliator</span> <span class='ocrx_word' id='word_1_30' title='bbox 291 630 383 694; x_wconf 88' lang='lat' dir='ltr'>adest</span> <span class='ocrx_word' id='word_1_31' title='bbox 404 633 438 693; x_wconf 80' lang='lat' dir='ltr'>et</span> <span class='ocrx_word' id='word_1_32' title='bbox 459 629 650 694; x_wconf 73' lang='lat' dir='ltr'>festinantia</span> <span class='ocrx_word' id='word_1_33' title='bbox 674 631 791 697; x_wconf 81' lang='lat' dir='ltr'>sistens</span> 
     </span>
    </p>

    <p class='ocr_par' dir='ltr' id='par_1_4' title="bbox 78 717 1228 980">
     <span class='ocr_line' id='line_1_6' title="bbox 79 717 1228 806; baseline 0.004 -24"><span class='ocrx_word' id='word_1_34' title='bbox 79 717 166 783; x_wconf 86' lang='lat' dir='ltr'>Fata</span> <span class='ocrx_word' id='word_1_35' title='bbox 189 719 357 784; x_wconf 83' lang='lat' dir='ltr'>salutifero</span> <span class='ocrx_word' id='word_1_36' title='bbox 380 718 470 782; x_wconf 86' lang='lat' dir='ltr'>mitis</span> <span class='ocrx_word' id='word_1_37' title='bbox 495 719 572 782; x_wconf 86' lang='lat' dir='ltr'>deus</span> <span class='ocrx_word' id='word_1_38' title='bbox 596 719 730 784; x_wconf 86' lang='lat' dir='ltr'>incubat</span> <span class='ocrx_word' id='word_1_39' title='bbox 753 721 861 806; x_wconf 80' lang='lat' dir='ltr'>angui.</span> <span class='ocrx_word' id='word_1_40' title='bbox 1121 737 1154 787; x_wconf 77' lang='lat'>25</span> <span class='ocrx_word' id='word_1_41' title='bbox 1224 760 1228 768; x_wconf 77' lang='lat'><em>,</em></span> 
     </span>
     <span class='ocr_line' id='line_1_7' title="bbox 79 805 1064 892; baseline 0.004 -22"><span class='ocrx_word' id='word_1_42' title='bbox 79 805 144 871; x_wconf 88' lang='lat' dir='ltr'>Hic</span> <span class='ocrx_word' id='word_1_43' title='bbox 168 807 474 892; x_wconf 81' lang='lat' dir='ltr'>puerumegregiae</span> <span class='ocrx_word' id='word_1_44' title='bbox 496 807 701 891; x_wconf 87' lang='lat' dir='ltr'>praeclarum</span> <span class='ocrx_word' id='word_1_45' title='bbox 724 809 826 874; x_wconf 89' lang='lat' dir='ltr'>sidere</span> <span class='ocrx_word' id='word_1_46' title='bbox 849 810 973 874; x_wconf 89' lang='lat' dir='ltr'>formae</span> <span class='ocrx_word' id='word_1_47' title='bbox 1018 825 1064 852; x_wconf 79' lang='lat'>-,·</span> 
     </span>
     <span class='ocr_line' id='line_1_8' title="bbox 78 895 839 980; baseline 0.004 -21"><span class='ocrx_word' id='word_1_48' title='bbox 78 895 190 979; x_wconf 89' lang='lat' dir='ltr'>Ipsius</span> <span class='ocrx_word' id='word_1_49' title='bbox 215 900 291 960; x_wconf 86' lang='lat' dir='ltr'>ante</span> <span class='ocrx_word' id='word_1_50' title='bbox 314 897 366 961; x_wconf 78' lang='lat' dir='ltr'>dei</span> <span class='ocrx_word' id='word_1_51' title='bbox 388 896 552 960; x_wconf 86' lang='lat' dir='ltr'>ludentem</span> <span class='ocrx_word' id='word_1_52' title='bbox 576 897 735 980; x_wconf 81' lang='lat' dir='ltr'>conspicit</span> <span class='ocrx_word' id='word_1_53' title='bbox 758 919 839 962; x_wconf 88' lang='lat' dir='ltr'>aras.</span> 
     </span>
    </p>

    <p class='ocr_par' dir='ltr' id='par_1_5' title="bbox 79 984 870 1071">
     <span class='ocr_line' id='line_1_9' title="bbox 79 984 870 1071; baseline 0.003 -23"><span class='ocrx_word' id='word_1_54' title='bbox 79 984 131 1049; x_wconf 83' lang='lat' dir='ltr'>Ac</span> <span class='ocrx_word' id='word_1_55' title='bbox 155 985 297 1068; x_wconf 90' lang='lat' dir='ltr'>primum</span> <span class='ocrx_word' id='word_1_56' title='bbox 321 985 429 1050; x_wconf 84' lang='lat' dir='ltr'>subita</span> <span class='ocrx_word' id='word_1_57' title='bbox 450 985 584 1068; x_wconf 87' lang='lat' dir='ltr'>paulum</span> <span class='ocrx_word' id='word_1_58' title='bbox 606 985 742 1070; x_wconf 87' lang='lat' dir='ltr'>decepta</span> <span class='ocrx_word' id='word_1_59' title='bbox 764 988 870 1071; x_wconf 82' lang='lat' dir='ltr'>figura</span> 
     </span>
    </p>

    <p class='ocr_par' dir='ltr' id='par_1_6' title="bbox 11 1072 889 1158">
     <span class='ocr_line' id='line_1_10' title="bbox 11 1072 889 1158; baseline 0 -20"><span class='ocrx_word' id='word_1_60' title='bbox 11 1143 17 1151; x_wconf 57' lang='grc'><em>,</em></span> <span class='ocrx_word' id='word_1_61' title='bbox 78 1072 244 1139; x_wconf 85' lang='lat' dir='ltr'>Natorum</span> <span class='ocrx_word' id='word_1_62' title='bbox 266 1074 305 1138; x_wconf 88' lang='lat' dir='ltr'>de</span> <span class='ocrx_word' id='word_1_63' title='bbox 327 1074 422 1158; x_wconf 89' lang='lat' dir='ltr'>plebe</span> <span class='ocrx_word' id='word_1_64' title='bbox 443 1077 552 1157; x_wconf 80' lang='lat' dir='ltr'>putat3</span> <span class='ocrx_word' id='word_1_65' title='bbox 576 1073 634 1138; x_wconf 87' lang='lat' dir='ltr'>sed</span> <span class='ocrx_word' id='word_1_66' title='bbox 656 1095 724 1139; x_wconf 92' lang='lat' dir='ltr'>non</span> <span class='ocrx_word' id='word_1_67' title='bbox 748 1079 818 1139; x_wconf 88' lang='lat' dir='ltr'>erat</span> <span class='ocrx_word' id='word_1_68' title='bbox 840 1076 889 1139; x_wconf 93' lang='lat' dir='ltr'>illi</span> 
     </span>
    </p>

    <p class='ocr_par' dir='ltr' id='par_1_7' title="bbox 78 1161 1155 1336">
     <span class='ocr_line' id='line_1_11' title="bbox 78 1161 1155 1248; baseline 0.005 -23"><span class='ocrx_word' id='word_1_69' title='bbox 78 1161 187 1226; x_wconf 85' lang='lat' dir='ltr'>Arcus</span> <span class='ocrx_word' id='word_1_70' title='bbox 211 1165 244 1226; x_wconf 87' lang='lat' dir='ltr'>et</span> <span class='ocrx_word' id='word_1_71' title='bbox 266 1184 306 1226; x_wconf 88' lang='lat' dir='ltr'>ex</span> <span class='ocrx_word' id='word_1_72' title='bbox 328 1162 471 1226; x_wconf 88' lang='lat' dir='ltr'>humeris</span> <span class='ocrx_word' id='word_1_73' title='bbox 493 1162 604 1226; x_wconf 89' lang='lat' dir='ltr'>nullae</span> <span class='ocrx_word' id='word_1_74' title='bbox 626 1163 828 1248; x_wconf 80' lang='lat' dir='ltr'>fulgentibus</span> <span class='ocrx_word' id='word_1_75' title='bbox 852 1165 994 1230; x_wconf 86' lang='lat' dir='ltr'>umbrae.</span> <span class='ocrx_word' id='word_1_76' title='bbox 1121 1181 1155 1230; x_wconf 85' lang='lat'>30</span> 
     </span>
     <span class='ocr_line' id='line_1_12' title="bbox 79 1249 897 1336; baseline 0.005 -23"><span class='ocrx_word' id='word_1_77' title='bbox 79 1249 223 1315; x_wconf 88' lang='lat' dir='ltr'>Miratur</span> <span class='ocrx_word' id='word_1_78' title='bbox 244 1251 368 1335; x_wconf 87' lang='lat' dir='ltr'>puerile</span> <span class='ocrx_word' id='word_1_79' title='bbox 391 1250 487 1315; x_wconf 83' lang='lat' dir='ltr'>decus</span> <span class='ocrx_word' id='word_1_80' title='bbox 510 1251 702 1335; x_wconf 78' lang='lat' dir='ltr'>uultumque</span> <span class='ocrx_word' id='word_1_81' title='bbox 725 1273 897 1336; x_wconf 81' lang='lat' dir='ltr'>comasque</span> 
     </span>
    </p>

    <p class='ocr_par' dir='ltr' id='par_1_8' title="bbox 77 1338 926 1425">
     <span class='ocr_line' id='line_1_13' title="bbox 77 1338 926 1425; baseline 0.006 -23"><span class='ocrx_word' id='word_1_82' title='bbox 77 1340 252 1422; x_wconf 87' lang='lat' dir='ltr'>Aspicicns</span> <span class='ocrx_word' id='word_1_83' title='bbox 277 1339 366 1404; x_wconf 70' lang='lat' dir='ltr'>‘tune</span> <span class='ocrx_word' id='word_1_84' title='bbox 389 1338 566 1404; x_wconf 87' lang='lat' dir='ltr'>Ausonias&#39;</span> <span class='ocrx_word' id='word_1_85' title='bbox 591 1339 638 1403; x_wconf 88' lang='lat' dir='ltr'>ait</span> <span class='ocrx_word' id='word_1_86' title='bbox 661 1339 735 1404; x_wconf 74' lang='lat' dir='ltr'>‘ibis</span> <span class='ocrx_word' id='word_1_87' title='bbox 760 1341 800 1405; x_wconf 87' lang='lat' dir='ltr'>ad</span> <span class='ocrx_word' id='word_1_88' title='bbox 824 1363 926 1425; x_wconf 84' lang='lat' dir='ltr'>arces,</span> 
     </span>
    </p>

    <p class='ocr_par' dir='ltr' id='par_1_9' title="bbox 76 1426 941 1515">
     <span class='ocr_line' id='line_1_14' title="bbox 76 1426 941 1515; baseline 0.005 -24"><span class='ocrx_word' id='word_1_89' title='bbox 76 1426 258 1512; x_wconf 85' lang='lat' dir='ltr'>Neglectus</span> <span class='ocrx_word' id='word_1_90' title='bbox 281 1426 423 1493; x_wconf 79' lang='lat' dir='ltr'>Ueneri?</span> <span class='ocrx_word' id='word_1_91' title='bbox 446 1431 483 1492; x_wconf 86' lang='lat' dir='ltr'>tu</span> <span class='ocrx_word' id='word_1_92' title='bbox 506 1427 637 1492; x_wconf 87' lang='lat' dir='ltr'>sordida</span> <span class='ocrx_word' id='word_1_93' title='bbox 659 1431 745 1493; x_wconf 86' lang='lat' dir='ltr'>tecta</span> <span class='ocrx_word' id='word_1_94' title='bbox 767 1431 941 1515; x_wconf 84' lang='lat' dir='ltr'>iugumque</span> 
     </span>
    </p>

    <p class='ocr_par' dir='ltr' id='par_1_10' title="bbox 77 1513 942 1604">
     <span class='ocr_line' id='line_1_15' title="bbox 77 1513 942 1604; baseline 0.001 -23"><span class='ocrx_word' id='word_1_95' title='bbox 77 1513 215 1602; x_wconf 77' lang='lat' dir='ltr'>Seruitii</span> <span class='ocrx_word' id='word_1_96' title='bbox 237 1519 371 1601; x_wconf 83' lang='lat' dir='ltr'>uulgare</span> <span class='ocrx_word' id='word_1_97' title='bbox 394 1515 502 1581; x_wconf 80' lang='lat' dir='ltr'>feres?</span> <span class='ocrx_word' id='word_1_98' title='bbox 533 1517 646 1600; x_wconf 90' lang='lat' dir='ltr'>procul</span> <span class='ocrx_word' id='word_1_99' title='bbox 670 1517 769 1582; x_wconf 81' lang='lat' dir='ltr'>absit:</span> <span class='ocrx_word' id='word_1_100' title='bbox 793 1539 854 1604; x_wconf 86' lang='lat' dir='ltr'>ego</span> <span class='ocrx_word' id='word_1_101' title='bbox 878 1520 942 1601; x_wconf 88' lang='lat' dir='ltr'>isti,</span> 
     </span>
    </p>

    <p class='ocr_par' dir='ltr' id='par_1_11' title="bbox 76 1603 1154 1778">
     <span class='ocr_line' id='line_1_16' title="bbox 77 1603 1154 1692; baseline 0.006 -25"><span class='ocrx_word' id='word_1_102' title='bbox 77 1603 185 1680; x_wconf 82' lang='lat' dir='ltr'>Quem</span> <span class='ocrx_word' id='word_1_103' title='bbox 199 1607 326 1689; x_wconf 88' lang='lat' dir='ltr'>meruit,</span> <span class='ocrx_word' id='word_1_104' title='bbox 340 1605 465 1670; x_wconf 82' lang='lat' dir='ltr'>formae</span> <span class='ocrx_word' id='word_1_105' title='bbox 479 1605 648 1670; x_wconf 88' lang='lat' dir='ltr'>dominum</span> <span class='ocrx_word' id='word_1_106' title='bbox 662 1606 755 1670; x_wconf 84' lang='lat' dir='ltr'>dabo.</span> <span class='ocrx_word' id='word_1_107' title='bbox 778 1607 860 1672; x_wconf 88' lang='lat' dir='ltr'>uade</span> <span class='ocrx_word' id='word_1_108' title='bbox 875 1629 935 1692; x_wconf 86' lang='lat' dir='ltr'>age</span> <span class='ocrx_word' id='word_1_109' title='bbox 949 1629 1084 1691; x_wconf 87' lang='lat' dir='ltr'>mecum,</span> <span class='ocrx_word' id='word_1_110' title='bbox 1120 1625 1154 1674; x_wconf 79' lang='lat'>35</span> 
     </span>
     <span class='ocr_line' id='line_1_17' title="bbox 76 1691 915 1778; baseline 0.005 -22"><span class='ocrx_word' id='word_1_111' title='bbox 76 1691 183 1776; x_wconf 83' lang='lat' dir='ltr'>Unde,</span> <span class='ocrx_word' id='word_1_112' title='bbox 205 1715 301 1777; x_wconf 86' lang='lat' dir='ltr'>puer:</span> <span class='ocrx_word' id='word_1_113' title='bbox 325 1693 440 1758; x_wconf 80' lang='lat' dir='ltr'>ducam</span> <span class='ocrx_word' id='word_1_114' title='bbox 462 1693 587 1758; x_wconf 86' lang='lat' dir='ltr'>uolucri</span> <span class='ocrx_word' id='word_1_115' title='bbox 610 1716 668 1778; x_wconf 92' lang='lat' dir='ltr'>per</span> <span class='ocrx_word' id='word_1_116' title='bbox 690 1695 796 1758; x_wconf 89' lang='lat' dir='ltr'>sidera</span> <span class='ocrx_word' id='word_1_117' title='bbox 819 1717 915 1760; x_wconf 88' lang='lat' dir='ltr'>curru</span> 
     </span>
    </p>

    <p class='ocr_par' dir='ltr' id='par_1_12' title="bbox 75 1780 1075 1867">
     <span class='ocr_line' id='line_1_18' title="bbox 75 1780 1075 1867; baseline 0.004 -22"><span class='ocrx_word' id='word_1_118' title='bbox 75 1780 213 1846; x_wconf 90' lang='lat' dir='ltr'>Donum</span> <span class='ocrx_word' id='word_1_119' title='bbox 236 1783 367 1846; x_wconf 90' lang='lat' dir='ltr'>inmane</span> <span class='ocrx_word' id='word_1_120' title='bbox 390 1783 477 1865; x_wconf 81' lang='lat' dir='ltr'>duci3</span> <span class='ocrx_word' id='word_1_121' title='bbox 500 1803 561 1846; x_wconf 87' lang='lat' dir='ltr'>nec</span> <span class='ocrx_word' id='word_1_122' title='bbox 583 1786 616 1846; x_wconf 89' lang='lat' dir='ltr'>te</span> <span class='ocrx_word' id='word_1_123' title='bbox 639 1783 766 1867; x_wconf 87' lang='lat' dir='ltr'>plebeia</span> <span class='ocrx_word' id='word_1_124' title='bbox 788 1785 968 1848; x_wconf 85' lang='lat' dir='ltr'>manebunt</span> <span class='ocrx_word' id='word_1_125' title='bbox 1072 1821 1075 1828; x_wconf 38' lang='grc' dir='ltr'>ι</span> 
     </span>
    </p>
   </div>
   <div class='ocr_carea' id='block_1_3' title="bbox 4 1869 790 1936">
    <p class='ocr_par' dir='ltr' id='par_1_13' title="bbox 4 1869 790 1936">
     <span class='ocr_line' id='line_1_19' title="bbox 4 1869 790 1936; baseline 0 -3"><span class='ocrx_word' id='word_1_126' title='bbox 4 1894 5 1897; x_wconf 62' lang='grc'>’</span> <span class='ocrx_word' id='word_1_127' title='bbox 74 1869 169 1934; x_wconf 88' lang='lat' dir='ltr'>Iura:</span> <span class='ocrx_word' id='word_1_128' title='bbox 191 1869 341 1936; x_wconf 85' lang='lat' dir='ltr'>Palatino</span> <span class='ocrx_word' id='word_1_129' title='bbox 364 1871 505 1935; x_wconf 83' lang='lat' dir='ltr'>famulus</span> <span class='ocrx_word' id='word_1_130' title='bbox 530 1871 656 1936; x_wconf 84' lang='lat' dir='ltr'>deberis</span> <span class='ocrx_word' id='word_1_131' title='bbox 679 1872 790 1936; x_wconf 87' lang='lat' dir='ltr'>amori.</span> 
     </span>
    </p>
   </div>
   <div class='ocr_carea' id='block_1_4' title="bbox 76 1955 1154 2932">
    <p class='ocr_par' dir='ltr' id='par_1_14' title="bbox 77 1955 932 2045">
     <span class='ocr_line' id='line_1_20' title="bbox 77 1955 932 2045; baseline 0.002 -22"><span class='ocrx_word' id='word_1_132' title='bbox 77 1955 138 2023; x_wconf 89' lang='lat' dir='ltr'>Nil</span> <span class='ocrx_word' id='word_1_133' title='bbox 161 1980 232 2044; x_wconf 85' lang='lat' dir='ltr'>ego,</span> <span class='ocrx_word' id='word_1_134' title='bbox 255 1960 312 2045; x_wconf 85' lang='lat' dir='ltr'>nil,</span> <span class='ocrx_word' id='word_1_135' title='bbox 334 1959 449 2043; x_wconf 83' lang='lat' dir='ltr'>fatcor,</span> <span class='ocrx_word' id='word_1_136' title='bbox 471 1963 541 2025; x_wconf 84' lang='lat' dir='ltr'>toto</span> <span class='ocrx_word' id='word_1_137' title='bbox 564 1964 632 2025; x_wconf 83' lang='lat' dir='ltr'>tam</span> <span class='ocrx_word' id='word_1_138' title='bbox 655 1959 748 2024; x_wconf 89' lang='lat' dir='ltr'>dulce</span> <span class='ocrx_word' id='word_1_139' title='bbox 771 1960 831 2025; x_wconf 90' lang='lat' dir='ltr'>sub</span> <span class='ocrx_word' id='word_1_140' title='bbox 855 1960 932 2025; x_wconf 88' lang='lat' dir='ltr'>orbe</span> 
     </span>
    </p>

    <p class='ocr_par' dir='ltr' id='par_1_15' title="bbox 76 2047 1154 2224">
     <span class='ocr_line' id='line_1_21' title="bbox 76 2047 1154 2134; baseline 0.005 -23"><span class='ocrx_word' id='word_1_141' title='bbox 76 2049 148 2112; x_wconf 86' lang='lat' dir='ltr'>Aut</span> <span class='ocrx_word' id='word_1_142' title='bbox 171 2048 240 2112; x_wconf 89' lang='lat' dir='ltr'>uidi</span> <span class='ocrx_word' id='word_1_143' title='bbox 264 2052 321 2113; x_wconf 86' lang='lat' dir='ltr'>aut</span> <span class='ocrx_word' id='word_1_144' title='bbox 343 2049 450 2134; x_wconf 83' lang='lat' dir='ltr'>genui.</span> <span class='ocrx_word' id='word_1_145' title='bbox 482 2049 577 2113; x_wconf 83' lang='lat' dir='ltr'>cedat</span> <span class='ocrx_word' id='word_1_146' title='bbox 597 2050 659 2114; x_wconf 87' lang='lat' dir='ltr'>tibi</span> <span class='ocrx_word' id='word_1_147' title='bbox 682 2047 827 2113; x_wconf 88' lang='lat' dir='ltr'>Latmius</span> <span class='ocrx_word' id='word_1_148' title='bbox 850 2050 936 2113; x_wconf 86' lang='lat' dir='ltr'>ultro</span> <span class='ocrx_word' id='word_1_149' title='bbox 1120 2067 1154 2117; x_wconf 87' lang='lat'>40</span> 
     </span>
     <span class='ocr_line' id='line_1_22' title="bbox 76 2134 980 2224; baseline 0.003 -23"><span class='ocrx_word' id='word_1_150' title='bbox 76 2134 324 2222; x_wconf 77' lang='lat' dir='ltr'>Sangariusque</span> <span class='ocrx_word' id='word_1_151' title='bbox 346 2158 426 2221; x_wconf 88' lang='lat' dir='ltr'>puer</span> <span class='ocrx_word' id='word_1_152' title='bbox 449 2158 608 2223; x_wconf 89' lang='lat' dir='ltr'>quemque</span> <span class='ocrx_word' id='word_1_153' title='bbox 632 2139 725 2203; x_wconf 85' lang='lat' dir='ltr'>irrita</span> <span class='ocrx_word' id='word_1_154' title='bbox 747 2139 848 2202; x_wconf 85' lang='lat' dir='ltr'>fontis</span> <span class='ocrx_word' id='word_1_155' title='bbox 872 2140 980 2224; x_wconf 83' lang='lat' dir='ltr'>imago</span> 
     </span>
    </p>

    <p class='ocr_par' dir='ltr' id='par_1_16' title="bbox 77 2224 941 2309">
     <span class='ocr_line' id='line_1_23' title="bbox 77 2224 941 2309; baseline 0.003 -20"><span class='ocrx_word' id='word_1_156' title='bbox 77 2224 126 2289; x_wconf 83' lang='lat' dir='ltr'>Et</span> <span class='ocrx_word' id='word_1_157' title='bbox 149 2226 271 2291; x_wconf 86' lang='lat' dir='ltr'>sterilis</span> <span class='ocrx_word' id='word_1_158' title='bbox 294 2227 496 2309; x_wconf 76' lang='lat' dir='ltr'>consumpsit</span> <span class='ocrx_word' id='word_1_159' title='bbox 519 2248 617 2291; x_wconf 84' lang='lat' dir='ltr'>amor.</span> <span class='ocrx_word' id='word_1_160' title='bbox 654 2228 687 2291; x_wconf 90' lang='lat' dir='ltr'>te</span> <span class='ocrx_word' id='word_1_161' title='bbox 711 2228 838 2291; x_wconf 87' lang='lat' dir='ltr'>caerula</span> <span class='ocrx_word' id='word_1_162' title='bbox 860 2226 941 2292; x_wconf 86' lang='lat' dir='ltr'>Nais</span> 
     </span>
    </p>

    <p class='ocr_par' dir='ltr' id='par_1_17' title="bbox 76 2313 864 2398">
     <span class='ocr_line' id='line_1_24' title="bbox 76 2313 864 2398; baseline 0.004 -21"><span class='ocrx_word' id='word_1_163' title='bbox 76 2313 195 2379; x_wconf 89' lang='lat' dir='ltr'>Mallet</span> <span class='ocrx_word' id='word_1_164' title='bbox 217 2318 251 2377; x_wconf 90' lang='lat' dir='ltr'>et</span> <span class='ocrx_word' id='word_1_165' title='bbox 274 2335 436 2398; x_wconf 87' lang='lat' dir='ltr'>apprensa</span> <span class='ocrx_word' id='word_1_166' title='bbox 458 2316 611 2380; x_wconf 84' lang='lat' dir='ltr'>traxisset</span> <span class='ocrx_word' id='word_1_167' title='bbox 633 2315 750 2380; x_wconf 86' lang='lat' dir='ltr'>fortius</span> <span class='ocrx_word' id='word_1_168' title='bbox 773 2338 864 2381; x_wconf 82' lang='lat' dir='ltr'>urna</span> 
     </span>
    </p>

    <p class='ocr_par' dir='ltr' id='par_1_18' title="bbox 77 2401 991 2488">
     <span class='ocr_line' id='line_1_25' title="bbox 77 2401 991 2488; baseline 0.002 -22"><span class='ocrx_word' id='word_1_169' title='bbox 77 2401 140 2487; x_wconf 75' lang='lat' dir='ltr'>Tu,</span> <span class='ocrx_word' id='word_1_170' title='bbox 162 2424 252 2487; x_wconf 84' lang='lat' dir='ltr'>puer,</span> <span class='ocrx_word' id='word_1_171' title='bbox 276 2408 351 2467; x_wconf 89' lang='lat' dir='ltr'>ante</span> <span class='ocrx_word' id='word_1_172' title='bbox 375 2404 495 2487; x_wconf 82' lang='lat' dir='ltr'>omnis3</span> <span class='ocrx_word' id='word_1_173' title='bbox 519 2404 607 2468; x_wconf 88' lang='lat' dir='ltr'>solus</span> <span class='ocrx_word' id='word_1_174' title='bbox 631 2404 804 2469; x_wconf 87' lang='lat' dir='ltr'>formosior</span> <span class='ocrx_word' id='word_1_175' title='bbox 827 2405 891 2488; x_wconf 85' lang='lat' dir='ltr'>ille,</span> <span class='ocrx_word' id='word_1_176' title='bbox 988 2430 991 2437; x_wconf 71' lang='grc'><strong>’</strong></span> 
     </span>
    </p>

    <p class='ocr_par' dir='ltr' id='par_1_19' title="bbox 77 2490 1153 2666">
     <span class='ocr_line' id='line_1_26' title="bbox 79 2490 1153 2577; baseline 0.003 -21"><span class='ocrx_word' id='word_1_177' title='bbox 79 2490 143 2557; x_wconf 79' lang='lat' dir='ltr'>Oui</span> <span class='ocrx_word' id='word_1_178' title='bbox 165 2490 316 2556; x_wconf 70' lang='lat' dir='ltr'>daberis?</span> <span class='ocrx_word' id='word_1_179' title='bbox 349 2492 397 2556; x_wconf 90' lang='lat' dir='ltr'>sic</span> <span class='ocrx_word' id='word_1_180' title='bbox 420 2514 495 2557; x_wconf 90' lang='lat' dir='ltr'>orsa</span> <span class='ocrx_word' id='word_1_181' title='bbox 516 2493 606 2557; x_wconf 88' lang='lat' dir='ltr'>leues</span> <span class='ocrx_word' id='word_1_182' title='bbox 629 2514 739 2558; x_wconf 85' lang='lat' dir='ltr'>secum</span> <span class='ocrx_word' id='word_1_183' title='bbox 762 2492 834 2577; x_wconf 85' lang='lat' dir='ltr'>ipsa</span> <span class='ocrx_word' id='word_1_184' title='bbox 856 2516 914 2577; x_wconf 91' lang='lat' dir='ltr'>per</span> <span class='ocrx_word' id='word_1_185' title='bbox 938 2510 1033 2559; x_wconf 82' lang='lat' dir='ltr'>auras</span> <span class='ocrx_word' id='word_1_186' title='bbox 1110 2510 1153 2559; x_wconf 71' lang='lat'>45</span> 
     </span>
     <span class='ocr_line' id='line_1_27' title="bbox 77 2580 807 2666; baseline 0.003 -22"><span class='ocrx_word' id='word_1_187' title='bbox 77 2580 184 2645; x_wconf 87' lang='lat' dir='ltr'>Tollit</span> <span class='ocrx_word' id='word_1_188' title='bbox 207 2581 395 2664; x_wconf 87' lang='lat' dir='ltr'>olorinaque</span> <span class='ocrx_word' id='word_1_189' title='bbox 417 2581 508 2645; x_wconf 89' lang='lat' dir='ltr'>iubet</span> <span class='ocrx_word' id='word_1_190' title='bbox 530 2581 698 2646; x_wconf 85' lang='lat' dir='ltr'>considere</span> <span class='ocrx_word' id='word_1_191' title='bbox 721 2582 807 2666; x_wconf 83' lang='lat' dir='ltr'>biga.</span> 
     </span>
    </p>

    <p class='ocr_par' dir='ltr' id='par_1_20' title="bbox 77 2667 997 2843">
     <span class='ocr_line' id='line_1_28' title="bbox 77 2667 997 2755; baseline 0.003 -23"><span class='ocrx_word' id='word_1_192' title='bbox 77 2667 149 2733; x_wconf 88' lang='lat' dir='ltr'>Nec</span> <span class='ocrx_word' id='word_1_193' title='bbox 171 2690 274 2734; x_wconf 85' lang='lat' dir='ltr'>mora.</span> <span class='ocrx_word' id='word_1_194' title='bbox 308 2670 376 2733; x_wconf 90' lang='lat' dir='ltr'>iam</span> <span class='ocrx_word' id='word_1_195' title='bbox 398 2668 485 2733; x_wconf 90' lang='lat' dir='ltr'>Latii</span> <span class='ocrx_word' id='word_1_196' title='bbox 508 2672 635 2734; x_wconf 86' lang='lat' dir='ltr'>montes</span> <span class='ocrx_word' id='word_1_197' title='bbox 658 2671 840 2755; x_wconf 86' lang='lat' dir='ltr'>ueterisque</span> <span class='ocrx_word' id='word_1_198' title='bbox 863 2674 997 2755; x_wconf 85' lang='lat' dir='ltr'>penates</span> 
     </span>
     <span class='ocr_line' id='line_1_29' title="bbox 79 2756 943 2843; baseline 0.002 -22"><span class='ocrx_word' id='word_1_199' title='bbox 79 2756 237 2836; x_wconf 80' lang='lat' dir='ltr'>Euandri,</span> <span class='ocrx_word' id='word_1_200' title='bbox 262 2780 343 2843; x_wconf 92' lang='lat' dir='ltr'>quos</span> <span class='ocrx_word' id='word_1_201' title='bbox 367 2758 452 2823; x_wconf 89' lang='lat' dir='ltr'>mole</span> <span class='ocrx_word' id='word_1_202' title='bbox 474 2778 561 2822; x_wconf 87' lang='lat' dir='ltr'>noua</span> <span class='ocrx_word' id='word_1_203' title='bbox 583 2762 678 2842; x_wconf 86' lang='lat' dir='ltr'>pater</span> <span class='ocrx_word' id='word_1_204' title='bbox 699 2759 830 2824; x_wconf 81' lang='lat' dir='ltr'>inclitus</span> <span class='ocrx_word' id='word_1_205' title='bbox 853 2758 943 2823; x_wconf 90' lang='lat' dir='ltr'>urbis</span> 
     </span>
    </p>

    <p class='ocr_par' dir='ltr' id='par_1_21' title="bbox 78 2844 929 2932">
     <span class='ocr_line' id='line_1_30' title="bbox 78 2844 929 2932; baseline 0.002 -23"><span class='ocrx_word' id='word_1_206' title='bbox 78 2844 211 2911; x_wconf 81' lang='lat' dir='ltr'>Excolit</span> <span class='ocrx_word' id='word_1_207' title='bbox 233 2850 266 2910; x_wconf 88' lang='lat' dir='ltr'>et</span> <span class='ocrx_word' id='word_1_208' title='bbox 289 2847 424 2911; x_wconf 89' lang='lat' dir='ltr'>summis</span> <span class='ocrx_word' id='word_1_209' title='bbox 449 2850 567 2932; x_wconf 89' lang='lat' dir='ltr'>aequat</span> <span class='ocrx_word' id='word_1_210' title='bbox 589 2845 800 2912; x_wconf 84' lang='lat' dir='ltr'>Germanicus</span> <span class='ocrx_word' id='word_1_211' title='bbox 824 2848 929 2912; x_wconf 86' lang='lat' dir='ltr'>astris.</span> 
     </span>
    </p>
   </div>
   <div class='ocr_carea' id='block_1_5' title="bbox 80 2934 1256 3021">
    <p class='ocr_par' dir='ltr' id='par_1_22' title="bbox 80 2934 1256 3021">
     <span class='ocr_line' id='line_1_31' title="bbox 80 2934 1256 3021; baseline 0.007 -23"><span class='ocrx_word' id='word_1_212' title='bbox 80 2934 171 2999; x_wconf 77' lang='lat' dir='ltr'>Tunc</span> <span class='ocrx_word' id='word_1_213' title='bbox 194 2935 327 3019; x_wconf 88' lang='lat' dir='ltr'>propior</span> <span class='ocrx_word' id='word_1_214' title='bbox 350 2936 415 2999; x_wconf 87' lang='lat' dir='ltr'>iam</span> <span class='ocrx_word' id='word_1_215' title='bbox 438 2957 516 3000; x_wconf 87' lang='lat' dir='ltr'>cura</span> <span class='ocrx_word' id='word_1_216' title='bbox 538 2936 624 3019; x_wconf 87' lang='lat' dir='ltr'>deae,</span> <span class='ocrx_word' id='word_1_217' title='bbox 648 2957 729 3020; x_wconf 86' lang='lat' dir='ltr'>quae</span> <span class='ocrx_word' id='word_1_218' title='bbox 751 2936 858 3001; x_wconf 89' lang='lat' dir='ltr'>forma</span> <span class='ocrx_word' id='word_1_219' title='bbox 881 2936 1005 3021; x_wconf 84' lang='lat' dir='ltr'>capillis</span> <span class='ocrx_word' id='word_1_220' title='bbox 1119 2953 1152 3003; x_wconf 85' lang='lat'>50</span> <span class='ocrx_word' id='word_1_221' title='bbox 1255 2956 1256 3007; x_wconf 75' lang='lat' dir='ltr'>l</span> 
     </span>
    </p>
   </div>
   <div class='ocr_carea' id='block_1_6' title="bbox 79 3021 917 3108">
    <p class='ocr_par' dir='ltr' id='par_1_23' title="bbox 79 3021 917 3108">
     <span class='ocr_line' id='line_1_32' title="bbox 79 3021 917 3108; baseline 0.004 -21"><span class='ocrx_word' id='word_1_222' title='bbox 79 3021 222 3107; x_wconf 86' lang='lat' dir='ltr'>Optima,</span> <span class='ocrx_word' id='word_1_223' title='bbox 246 3046 328 3108; x_wconf 89' lang='lat' dir='ltr'>quae</span> <span class='ocrx_word' id='word_1_224' title='bbox 351 3025 451 3090; x_wconf 87' lang='lat' dir='ltr'>uestis</span> <span class='ocrx_word' id='word_1_225' title='bbox 475 3046 586 3090; x_wconf 86' lang='lat' dir='ltr'>roseos</span> <span class='ocrx_word' id='word_1_226' title='bbox 609 3024 783 3090; x_wconf 88' lang='lat' dir='ltr'>accendere</span> <span class='ocrx_word' id='word_1_227' title='bbox 807 3026 917 3090; x_wconf 87' lang='lat' dir='ltr'>uultus</span> 
     </span>
    </p>
   </div>
   <div class='ocr_carea' id='block_1_7' title="bbox 77 3337 1152 3551">
    <p class='ocr_par' dir='ltr' id='par_1_24' title="bbox 77 3337 1152 3551">
     <span class='ocr_line' id='line_1_33' title="bbox 150 3337 1152 3421; baseline -0.003 -28"><span class='ocrx_word' id='word_1_228' title='bbox 150 3342 186 3393; x_wconf 79' lang='lat'>28</span> <span class='ocrx_word' id='word_1_229' title='bbox 205 3338 312 3411; x_wconf 83' lang='lat' dir='ltr'>subita]</span> <span class='ocrx_word' id='word_1_230' title='bbox 323 3338 410 3394; x_wconf 83' lang='lat' dir='ltr'>dubia</span> <span class='ocrx_word' id='word_1_231' title='bbox 423 3337 573 3403; x_wconf 62' lang='lat' dir='ltr'>Heluam,-</span> <span class='ocrx_word' id='word_1_232' title='bbox 590 3340 685 3394; x_wconf 76' lang='lat' dir='ltr'>malim</span> <span class='ocrx_word' id='word_1_233' title='bbox 697 3338 790 3415; x_wconf 80' lang='lat' dir='ltr'>nitida</span> <span class='ocrx_word' id='word_1_234' title='bbox 803 3341 812 3409; x_wconf 85' lang='grc' dir='ltr'>ΙΙ</span> <span class='ocrx_word' id='word_1_235' title='bbox 826 3346 860 3393; x_wconf 82' lang='grc'>39</span> <span class='ocrx_word' id='word_1_236' title='bbox 875 3341 934 3393; x_wconf 85' lang='lat' dir='ltr'>tam</span> <span class='ocrx_word' id='word_1_237' title='bbox 950 3342 981 3391; x_wconf 71' lang='grc' dir='ltr'>ςε</span> <span class='ocrx_word' id='word_1_238' title='bbox 999 3337 1057 3419; x_wconf 81' lang='lat' dir='ltr'>iam</span> <span class='ocrx_word' id='word_1_239' title='bbox 1070 3341 1094 3390; x_wconf 77' lang='grc' dir='ltr'><strong>Δ</strong></span> <span class='ocrx_word' id='word_1_240' title='bbox 1108 3342 1126 3389; x_wconf 98' lang='grc'><strong>0</strong></span> <span class='ocrx_word' id='word_1_241' title='bbox 1144 3338 1152 3421; x_wconf 66' lang='grc' dir='ltr'>Ιῖ</span> 
     </span>
     <span class='ocr_line' id='line_1_34' title="bbox 77 3408 1152 3478; baseline -0.002 -15"><span class='ocrx_word' id='word_1_242' title='bbox 77 3415 113 3463; x_wconf 86' lang='grc'>40</span> <span class='ocrx_word' id='word_1_243' title='bbox 132 3410 216 3465; x_wconf 83' lang='lat' dir='ltr'>cedat</span> <span class='ocrx_word' id='word_1_244' title='bbox 235 3428 264 3463; x_wconf 81' lang='lat' dir='ltr'>a:</span> <span class='ocrx_word' id='word_1_245' title='bbox 284 3412 365 3466; x_wconf 86' lang='lat' dir='ltr'>cedet</span> <span class='ocrx_word' id='word_1_246' title='bbox 383 3416 400 3462; x_wconf 92' lang='grc'><strong>0</strong></span> <span class='ocrx_word' id='word_1_247' title='bbox 419 3409 521 3465; x_wconf 84' lang='lat' dir='ltr'>cedant</span> <span class='ocrx_word' id='word_1_248' title='bbox 539 3410 674 3464; x_wconf 70' lang='lat' dir='ltr'>Heinsius</span> <span class='ocrx_word' id='word_1_249' title='bbox 690 3413 693 3478; x_wconf 89' lang='grc' dir='ltr'>Ι</span> <span class='ocrx_word' id='word_1_250' title='bbox 709 3409 812 3464; x_wconf 85' lang='lat' dir='ltr'>lamius</span> <span class='ocrx_word' id='word_1_251' title='bbox 831 3415 862 3477; x_wconf 75' lang='lat' dir='ltr'>A,</span> <span class='ocrx_word' id='word_1_252' title='bbox 880 3410 922 3462; x_wconf 80' lang='lat' dir='ltr'>ito</span> <span class='ocrx_word' id='word_1_253' title='bbox 939 3409 984 3461; x_wconf 84' lang='lat' dir='ltr'>uel</span> <span class='ocrx_word' id='word_1_254' title='bbox 1000 3408 1092 3462; x_wconf 87' lang='lat' dir='ltr'>lamus</span> <span class='ocrx_word' id='word_1_255' title='bbox 1107 3413 1124 3459; x_wconf 93' lang='grc'><strong>0</strong></span> <span class='ocrx_word' id='word_1_256' title='bbox 1143 3418 1152 3475; x_wconf 71' lang='lat' dir='ltr'>q</span> 
     </span>
     <span class='ocr_line' id='line_1_35' title="bbox 78 3476 1006 3551; baseline -0.006 -16"><span class='ocrx_word' id='word_1_257' title='bbox 78 3487 112 3535; x_wconf 74' lang='lat'>4⁷</span> <span class='ocrx_word' id='word_1_258' title='bbox 132 3482 299 3550; x_wconf 84' lang='lat' dir='ltr'>ueteresque</span> <span class='ocrx_word' id='word_1_259' title='bbox 317 3488 335 3534; x_wconf 90' lang='grc'><strong>0</strong></span> <span class='ocrx_word' id='word_1_260' title='bbox 353 3500 378 3551; x_wconf 81' lang='lat' dir='ltr'>a,</span> <span class='ocrx_word' id='word_1_261' title='bbox 397 3498 466 3538; x_wconf 77' lang='lat' dir='ltr'>corr.</span> <span class='ocrx_word' id='word_1_262' title='bbox 485 3482 622 3536; x_wconf 67' lang='lat' dir='ltr'>Rachiae</span> <span class='ocrx_word' id='word_1_263' title='bbox 635 3482 645 3550; x_wconf 74' lang='lat' dir='ltr'>l</span> <span class='ocrx_word' id='word_1_264' title='bbox 658 3485 693 3533; x_wconf 84' lang='grc'>48</span> <span class='ocrx_word' id='word_1_265' title='bbox 711 3478 787 3533; x_wconf 89' lang='lat' dir='ltr'>urbis</span> <span class='ocrx_word' id='word_1_266' title='bbox 808 3484 875 3533; x_wconf 65' lang='lat' dir='ltr'>§ee</span> <span class='ocrx_word' id='word_1_267' title='bbox 894 3476 969 3531; x_wconf 86' lang='lat' dir='ltr'>orbis</span> <span class='ocrx_word' id='word_1_268' title='bbox 989 3482 1006 3528; x_wconf 93' lang='grc'><strong>0</strong></span> 
     </span>
    </p>
   </div>
   <div class='ocr_carea' id='block_1_8' title="bbox 0 0 1264 3925">
    <p class='ocr_par' dir='ltr' id='par_1_25' title="bbox 0 0 1264 3925">
     <span class='ocr_line' id='line_1_36' title="bbox 0 0 1264 3925; baseline 0 0"><span class='ocrx_word' id='word_1_269' title='bbox 0 0 1264 3925; x_wconf 95' lang='lat' dir='ltr'> </span> 
     </span>
    </p>
   </div>
  </div>
 </body>
</html>
