2517 3925
386 244 557 301 EDITORIS
575 245 791 307 PRAEFATIO.
1089 262 1126 303 ιιι
1234 301 1235 304 ,

66 391 258 475 quaetttiaeoc
278 391 407 457 talitro
427 393 560 473 quodum
578 396 707 475 cetron,
731 393 768 457 ic
785 412 845 475 quo
857 398 926 457 erat
946 391 979 458 ei
1005 378 1125 476 (2112)

70 482 133 545 lite
157 481 205 545 M.
232 480 311 545 Iuni
337 480 442 562 Hypsi
468 480 678 564 (11111312)
704 486 734 545 et
754 482 877 546 contuli.
922 487 991 547 erat
1010 484 1046 546 ic
1062 503 1123 565 pa·

68 568 534 653 caenomanensium.
563 569 902 655 npcutrrrtittercst)
926 575 960 635 Δ
981 570 1125 655 mihique

69 659 135 723 haec
157 658 262 723 uerba
288 657 488 722 subobscura
514 658 680 741 reputanti
708 658 768 722 sub
791 644 908 743 Hypso
937 659 990 723 uel
1012 657 1125 744 Nypso

69 747 115 811 illo
139 747 243 812 latere
270 746 360 811 uisus
393 748 481 810 esset
501 740 545 810 Μ.
567 744 682 811 Iunius
703 745 827 830 Nipsus
842 748 1062 852 gromaticus,
1091 751 1126 814 in

69 835 150 901 huius
177 836 321 918 codices,
351 835 545 919 ubicumque
571 838 644 899 erat
670 836 811 920 occasio,
838 836 1001 921 inquirere
1024 838 1126 922 coepi.

68 923 138 987 fauit
124 924 292 1025 tinceptc
311 922 464 1005 Fortuna,
487 923 745 1009 deprehendique
768 924 899 990 tandem
921 943 1052 990 carmen
1071 928 1126 992 diu

69 1013 271 1095 quaesitum
260 1034 296 1077 m
318 1012 427 1077 codice
440 1010 602 1077 Laurent'
578 1015 671 1077 trano
693 1014 773 1096 plut.
797 1013 851 1095 29,
875 1014 919 1077 32
936 1016 1066 1098 saeculi,
1088 1021 1126 1082 ut

68 1102 147 1166 nobis
170 1101 309 1185 uidetur,
332 1100 463 1185 decimi3
487 1101 545 1166 nbi
568 1104 657 1165 extat
678 1101 758 1166 illud
780 1104 857 1185 post
879 1101 1021 1187 Nipsum
1046 1105 1124 1169 alia·

68 1212 117 1273 que
138 1190 207 1255 eius
231 1188 359 1275 generis
382 1189 437 1254 fol.
451 1190 612 1255 292—30·
635 1188 691 1277 (cf.
704 1188 893 1276 Bandinius,
915 1192 1006 1257 codd.
1020 1193 1077 1260 lat.
1091 1194 1125 1259 11

66 1302 89 1361 p.
101 1277 154 1364 41)
170 1280 333 1363 scriptura
349 1282 515 1364 perpetua,
536 1278 601 1343 nisi
620 1278 707 1363 quod
726 1278 849 1363 singuli
867 1302 980 1346 uersus
993 1284 1123 1365 punctis

67 1371 130 1432 sunt
154 1368 276 1433 inclusi
307 1368 504 1453 plerumque.
546 1367 660 1433 eodem
687 1372 795 1433 autem
822 1370 907 1434 libro
931 1370 1000 1435 sine
1022 1371 1122 1437 dubio

66 1479 131 1521 usus
158 1460 214 1521 est
241 1456 440 1540 Politianus,
474 1460 511 1521 ut
540 1458 697 1523 lectiones
728 1457 769 1521 ab
799 1479 837 1522 eo
867 1458 942 1523 inde
971 1462 1123 1524 enotatae

67 1544 288 1612 demonstrant.
332 1545 430 1610 huius
458 1546 579 1612 codicis
610 1570 631 1611 a
656 1568 709 1610 me
732 1547 854 1611 conlati
877 1548 1039 1631 scriptura
1062 1570 1120 1613 suo

67 1634 125 1700 loco
152 1634 313 1719 adposita.
337 1668 378 1683 -
403 1634 613 1699 Laurentiani
637 1639 746 1700 autem
770 1636 1043 1718 contemplatione
1066 1658 1122 1701 ue-

67 1726 158 1789 tamur
178 1742 224 1788 ne
247 1746 286 1788 cx
309 1723 546 1808 antiquioribus
573 1723 668 1787 libris
691 1724 829 1788 multum
852 1723 933 1787 lucis
955 1723 1008 1788 his
1031 1724 1122 1789 siluis

67 1832 258 1879 accessurum
281 1831 454 1895 speremus.
490 1832 567 1877 nam
590 1812 678 1897 quod
701 1813 742 1877 ad
765 1830 924 1875 summam
946 1813 1125 1896 corruptio·

65 1900 104 1965 nis
126 1903 246 1968 attinet
269 1923 308 1966 ea
330 1901 397 1966 iam
420 1900 455 1966 in
477 1901 571 1966 initio
595 1900 694 1965 medii
722 1900 796 1966 aeui
817 1902 890 1964 erat
912 1898 1025 1964 eadem
1044 1922 1121 1985 qua-

66 2011 126 2054 cum
153 1989 255 2056 hodie
283 1991 454 2055 luctamur.
505 2011 605 2054 unum
633 1989 782 2054 attulisse
814 1987 936 2053 sufficit
964 1986 1124 2055 Prisciani

66 2081 244 2164 exemplum,
267 2079 323 2164 qui
342 2079 414 2144 situ.
432 2078 448 2143 I
469 2079 497 2162 1,
523 2080 584 2144 101
605 2074 819 2162 deprecatum
840 2077 920 2142 illud
932 2075 1038 2141 '‘iura'
1056 2079 1123 2143 iam

66 2165 190 2234 exhibet,
230 2168 282 2233 sin
309 2185 450 2252 quonam
477 2167 727 2232 necessitudinis
754 2167 885 2232 uinculo
908 2166 995 2231 inter
1018 2188 1053 2231 se
1074 2170 1122 2232 te·

65 2261 191 2324 reantur
214 2255 451 2321 Laurentianus
474 2259 507 2320 et
530 2254 753 2341 sangallensis
777 2255 919 2340 quaeris:
948 2276 987 2319 ex
1009 2255 1146 2321 eodem·

65 2347 207 2431 utrosque
231 2345 407 2429 exemplari
429 2344 560 2410 fluxisse
581 2345 774 2429 putauerim.

138 2435 212 2500 Iam
235 2434 402 2518 ingentem
432 2455 495 2518 qua
519 2433 621 2498 siluae
645 2435 757 2516 aperte
783 2433 936 2498 laborant
959 2435 1121 2516 corrupte-

66 2519 156 2588 larum
184 2519 428 2588 multitudinem
457 2522 532 2586 inde
555 2543 575 2586 a
598 2521 727 2586 saeculo
750 2519 813 2585 XV
836 2520 986 2585 certatim
1008 2520 1123 2586 tollere

67 2613 232 2677 studebant
254 2610 349 2676 docti.
396 2631 533 2694 quorum
560 2612 696 2675 conatus
722 2610 819 2694 longe
842 2610 969 2693 lateque
993 2631 1122 2692 sparsos

66 2695 170 2803 (neque
190 2700 278 2764 enim
296 2697 475 2764 Burmanni
494 2699 628 2764 alicuius
653 2698 823 2782 diligentia
843 2697 897 2762 hic
919 2698 1007 2762 uiam
1029 2698 1124 2763 nobis

66 2783 469 2873 quas1praemuniuerat*),
490 2787 599 2871 primi,
621 2786 829 2872 quantumin
846 2786 942 2850 nobis
962 2789 1039 2870 erat,
1059 2787 1123 2851 col-

66 2873 212 2980 legimus3
240 2875 325 2940 uude
354 2875 595 2941 emendationes
625 2875 751 2960 aliquot
778 2874 1084 2958 οοιιὶιιο1ιιιιιει1ιιθ,Ι
1074 2897 1124 2938 m-

66 2965 168 3045 primis
187 2927 463 3049 llarklandianos‚
486 2965 553 3029 suis
572 2963 703 3029 reddere
726 2963 912 3029 auctoribus
934 2963 1035 3029 licuit.
1068 2963 1123 3026 sed

66 3049 116 3117 hae
148 3074 277 3140 quoque
305 3053 340 3116 in
372 3056 464 3136 parte
491 3052 572 3118 fines
599 3053 675 3117 huic
703 3052 838 3118 editioni
863 3051 1057 3136 praescripti
1084 3073 1124 3114 ex

66 3245 269 3256 m

126 3369 259 3438 *p)sola
260 3366 325 3422 rimi
339 3367 405 3422 libri
419 3384 466 3422 ear
468 3368 608 3422 minal—
610 3373 636 3435 3,
655 3369 688 3422 ut
701 3367 821 3434 eth6‚
840 3367 939 3420 notum
952 3366 996 3419 ost
1009 3363 1123 3445 egregie

68 3437 96 3490 ab
111 3440 223 3495 Handio
240 3387 323 3494 edita
346 3455 405 3494 esse
430 3438 549 3494 collecto
571 3411 759 3507 undicumque
777 3437 922 3506 apparatu
959 3451 1010 3488 nec
1028 3434 1122 3486 minus

69 3507 95 3562 de
110 3510 150 3565 III
169 3517 186 3566 5
204 3511 274 3566 bene
292 3509 396 3565 meruit
414 3509 553 3564 Imhofius.
