2517 3925
134 205 176 267 14
464 202 505 257 r.
524 200 665 256 annun
684 160 806 257 sulm

177 349 248 414 Iam
271 347 393 432 premit
415 350 504 412 astra
527 346 597 411 dies
624 345 805 431 humilique
828 367 868 411 ex
891 368 1030 431 aequore
1053 346 1159 411 Titan

132 436 294 503 Rorantes
318 436 439 501 evolvit
462 456 562 521 equos
586 438 620 499 et
643 435 684 499 ab
708 434 840 501 aethere
864 456 984 520 magno

135 524 308 591 Sublatam
331 547 427 590 eurru
450 525 586 609 pelagus
609 524 709 608 eadit,
732 546 770 589 aa
793 524 878 589 vada
900 528 1006 589 mater

135 612 248 698 Scyria
270 614 457 679 iamdudum
480 613 597 677 fluetus
621 634 754 680 emensa
775 614 923 697 tenebat,
1099 628 1158 678 245

133 702 353 787 Exierantque
375 702 453 788 iugo
476 700 557 766 fessi
579 701 748 785 delphines
770 702 882 766 herili:

135 788 215 855 (lum
239 791 332 876 pueri
353 790 545 855 tremefacta
567 790 659 874 quies
683 790 831 874 oculique
853 790 991 855 iacentis

134 878 283 945 Infusum
307 902 435 944 sensere
458 878 553 943 diem.
599 876 716 962 Stupet
739 900 812 943 aere
835 878 956 963 primu,

134 967 225 1045 Quae
247 969 333 1053 loea,
356 968 413 1052 qui
435 968 565 1049 fluetus,
587 966 645 1031 ubi
667 967 802 1033 Pelion?
848 965 967 1031 Omnia
989 988 1085 1032 versa

132 1055 242 1141 Atque
265 1058 380 1143 ignota
402 1056 491 1121 videt
513 1054 705 1140 dubitatque
728 1077 905 1141 agnoscere
928 1059 1076 1122 matrem.
1100 1071 1158 1122 250

135 1144 281 1229 Oeeupat
303 1146 361 1210 illa
383 1167 482 1209 manu
504 1143 687 1228 blandeque
710 1143 822 1209 adfata
844 1147 1029 1228 paventem:

135 1231 183 1298 ‘Si
205 1233 299 1315 mihi,
322 1254 396 1297 aare
419 1254 513 1317 puer,
535 1232 700 1298 thalamos
723 1255 793 1297 sors
818 1254 922 1317 aequa
942 1234 1086 1316 tulisset,

136 1320 223 1395 Quos
247 1321 361 1405 dabat,
384 1320 539 1385 aetheriis
562 1340 622 1405 ego
646 1325 681 1386 te
704 1321 873 1404 complexa
894 1324 1041 1386 tenerem

137 1407 232 1475 Sidus
256 1409 379 1494 grande
401 1409 524 1494 plagis,
546 1409 722 1495 magnique
743 1431 905 1494 puerpera
927 1410 1008 1474 caeli

134 1497 193 1563 Nil
216 1497 355 1563 humiles
378 1497 498 1563 Parcas
521 1501 714 1582 terrenaque
735 1498 806 1562 fata
828 1519 966 1563 vererer.
1100 1514 1157 1565 255

135 1584 231 1651 Nune
254 1587 359 1671 impar
381 1587 457 1671 tibi,
479 1591 569 1665 nate,
592 1606 708 1671 genus,
731 1587 963 1671 praeclusaque
985 1588 1045 1652 leti

136 1673 278 1739 Tauium
298 1698 317 1740 a
334 1678 439 1740 matre
453 1676 507 1739 via
521 1678 582 1760 est3
602 1675 681 1759 quin
694 1678 728 1739 et
741 1675 916 1739 metuenda
929 1676 1157 1760 propinquant

134 1762 297 1848 Tempora
320 1767 354 1828 et
376 1764 528 1828 extremis
552 1762 685 1828 admota
706 1764 849 1847 pericula
872 1763 977 1828 metis.

136 1848 309 1936 Cedamus,
331 1851 529 1936 paulumque
553 1852 679 1916 animos
701 1852 857 1916 submitte
879 1852 991 1917 viriles

136 1940 244 2025 Atque
267 1940 398 2006 habitus
422 1940 556 2025 dignare
579 1963 679 2006 meos.
725 1937 759 2004 Si
781 1939 885 2024 Lydia
907 1941 987 2006 dura
1099 1958 1157 2009 260

135 2027 241 2094 Pensa
264 2052 364 2094 manu
386 2030 563 2114 mollesque
586 2030 664 2094 tulit
685 2028 880 2113 Tirynthius
902 2029 1031 2115 hastas,

51 2157 54 2165 J
136 2113 172 2181 Si
196 2118 286 2183 deeet
309 2121 424 2183 aurata
447 2118 612 2184 Bacchum
634 2118 775 2203 vestigia
797 2117 886 2201 palla

137 2204 289 2291 Verrere,
312 2207 475 2292 virgineos
499 2207 527 2271 si
549 2206 697 2292 Iuppiter
718 2207 826 2270 induit
849 2210 953 2291 artus,

138 2292 208 2358 Nee
230 2315 386 2379 magnum
410 2296 556 2380 ambigui
577 2295 745 2380 fregerunt
768 2292 894 2359 Caenea
916 2316 1023 2361 sexus:

139 2381 210 2446 Has
230 2383 309 2466 sine,
327 2404 455 2466 quaeso,
473 2385 578 2448 minas
592 2385 775 2466 nubemque
789 2383 878 2447 exire
890 2384 1078 2470 malignam.
1103 2401 1157 2452 255

136 2469 215 2534 Mox
236 2471 356 2536 iterum
379 2494 526 2557 campos,
548 2473 667 2536 iterum
690 2469 884 2537 Centaurica
904 2473 1037 2537 reddam

137 2558 255 2624 Lustra
278 2560 352 2625 tibi:
375 2582 434 2644 per
457 2581 518 2646 ego
541 2560 603 2625 hoe
626 2561 724 2625 decus
748 2563 781 2624 et
803 2563 943 2626 ventura
964 2563 1118 2627 iuventae

137 2646 275 2733 Gaudia,
299 2648 327 2712 si
350 2652 455 2714 terras
478 2649 697 2733 humilemque
720 2650 853 2731 experta
876 2650 1030 2715 maritum

137 2734 183 2799 Te
206 2741 352 2820 propter,
376 2739 403 2801 si
427 2738 634 2822 progenitum
659 2736 780 2822 Stygos
804 2758 898 2801 amne
922 2760 1034 2804 severo

208 2892 233 2928 v.
254 2881 314 2930 262.
345 2875 433 2931 Serv.
453 2875 490 2930 ad
507 2875 591 2946 Verg.
610 2877 680 2930 Aen.
699 2875 739 2931 VI
756 2883 805 2933 ⁶7:
831 2878 917 2933 ‘unde
937 2877 1057 2932 Statius:
1081 2877 1107 2931 si
1124 2879 1155 2933 te

207 3004 259 3053 242
279 2999 435 3068 humilique
449 3001 469 3054 P
486 2999 663 3068 humilesque
676 3003 702 3051 Η
719 3001 907 3071 humidaeque
925 2997 971 3056 Gt
982 2999 1156 3071 humilisque

136 3068 232 3135 Pett'p
246 3070 256 3140 ΙΙ
270 3076 323 3125 244
340 3087 373 3124 aa
391 3072 434 3137 (ia
452 3077 521 3139 rau.)
539 3070 574 3122 θ’
591 3071 628 3124 ad
642 3075 662 3122 P
681 3072 711 3125 at
724 3072 874 3145 Paullum
889 3073 1026 3128 emissaP
1045 3088 1156 3127 emersa

136 3145 162 3192 Η
174 3143 184 3210 ΙΙ
198 3147 250 3196 247
269 3143 429 3212 patentesP
445 3141 568 3196 iacentes
577 3141 659 3194 dlflt
668 3145 802 3210 paventes
810 3143 997 3198 Baehrensiue
1005 3141 1015 3213 ll
1024 3147 1076 3196 249
1091 3160 1155 3197 ver-

137 3213 181 3266 sat
194 3211 265 3264 (ΡΠ
282 3215 292 3283 l
315 3219 367 3267 252
385 3211 499 3266 tulisset
516 3217 536 3264 P
559 3210 683 3267 dedisset
700 3214 781 3268 retest
796 3215 807 3284 fl
824 3219 877 3268 255
900 3214 1014 3269 NihilP
1033 3215 1044 3281 l
1063 3218 1117 3267 252
1136 3229 1155 3268 a

136 3283 227 3336 matre
240 3289 260 3335 P
274 3291 364 3337 matre
379 3284 459 3336 ceteri
472 3299 535 3336 ame
549 3284 614 3350 (pro
628 3299 646 3336 a
659 3289 718 3338 mie
728 3309 762 3329 =
772 3302 790 3338 a
803 3288 904 3355 matre)
919 3287 955 3355 tl}
972 3289 1024 3338 259
1043 3283 1154 3352 depone

136 3351 255 3407 virilest
271 3354 282 3422 ΙΙ
304 3359 356 3409 260
375 3352 467 3406 auitas
485 3354 594 3422 Ρ11265
617 3354 777 3423 nubemque
795 3360 815 3407 P
833 3373 993 3426 numenque
1009 3355 1089 3409 ceteri
1101 3371 1154 3437 nu3

137 3437 299 3491 merumque
318 3431 330 3475 t
349 3423 528 3490 animumque
547 3423 650 3477 Veaett,
666 3424 671 3495 Ι
686 3425 841 3494 malignam
859 3431 879 3478 P
897 3427 1054 3495 malignum
1070 3429 1153 3478 cetere
1242 3432 1243 3455 ³

137 3489 193 3555 (Of.
206 3491 287 3546 Theb.
302 3494 392 3548 1124
406 3493 449 3546 II
461 3495 515 3548 321
531 3492 584 3546 IV
595 3497 651 3549 512
670 3495 1113 3582 selv.13,109)uaeriubentq
1132 3499 1154 3546 P
