2517 3925
100 162 144 226 84
464 165 494 219 P.
513 162 654 218 PAPINII
672 162 794 218 STATII

99 307 159 373 Oui
181 312 240 374 tua
261 330 330 374 non
352 307 483 373 humilis
506 307 595 373 dedit
616 307 820 393 indulgentia
842 330 957 374 mores.
1124 326 1177 377 150

100 396 197 462 Hunc
220 398 379 482 siquidem
401 397 550 481 amplexu
574 418 702 481 semper
723 399 896 462 reuocante
918 398 1055 462 tenebas

101 484 247 551 Blandus
271 490 303 550 et
324 484 462 569 imperio
483 507 662 569 numquam
684 488 790 569 pater3
812 485 908 551 huius
931 485 1051 551 honori

100 573 239 639 Pronior
261 575 331 659 ipse
355 574 454 639 etiam
476 573 640 659 gaudebat
662 573 773 638 cedere
797 573 906 640 frater.

103 662 190 738 Quas
212 662 273 728 tibi
295 662 405 728 deuoti
426 663 559 727 iuuenes
581 685 642 747 pro
664 665 756 747 patre
780 668 902 746 renato,

102 750 233 816 Summe
252 752 378 836 ducum,
397 753 516 837 grates,
535 755 592 816 aut
610 773 692 835 quae
710 751 765 835 pia
783 753 861 817 uota
878 750 1081 835 rependant?
1127 769 1177 818 155

102 839 152 904 Tu
175 838 246 924 (scu
268 841 362 906 tarda
386 841 451 905 situ
473 840 633 925 rebusque
656 839 813 904 exhausta
836 845 984 905 senectus

101 928 235 994 Errauit
258 951 316 994 seu
338 928 460 994 blanda
482 928 537 992 diu
559 927 705 993 Fortuna
728 949 912 1014 regressum

101 1015 233 1105 Maluit)
256 1018 433 1083 attonitum
456 1020 490 1081 et
512 1017 641 1082 uenturi
664 1016 809 1082 fulminis
831 1017 914 1082 ictus

101 1104 299 1172 Horrentem
322 1106 447 1171 tonitru
469 1109 598 1170 tantum
619 1106 748 1190 lenique
771 1106 914 1190 procella

102 1192 282 1259 Contentus
306 1194 472 1259 monuisse
495 1215 616 1277 senem3
641 1215 777 1278 cumque
800 1194 932 1259 horrida
956 1217 1055 1280 supra
1128 1213 1179 1261 reo
1241 1267 1242 1272 γ

102 1280 257 1367 Aequora
279 1304 430 1347 curarum
452 1283 558 1347 socius
581 1283 694 1365 procul
716 1282 802 1348 Itala
824 1305 901 1348 rura

101 1370 287 1455 Linqueret,
309 1371 362 1436 hic
384 1371 498 1436 molles
522 1369 680 1454 Campani
702 1371 807 1436 litoris
831 1393 905 1437 oras

100 1459 147 1524 Et
168 1458 363 1525 Diomedeas
386 1459 559 1525 concedere
582 1459 690 1524 iussus
713 1460 748 1524 in
771 1481 860 1525 arces

100 1546 210 1632 Atque
233 1549 361 1633 hospes,
383 1569 450 1613 non
473 1548 554 1631 exrrl,
579 1552 657 1613 erat
679 1553 746 1613 ‘nee
768 1549 862 1633 plura
885 1551 1030 1614 moratus

100 1635 294 1703 Romuleum
317 1659 442 1702 reseras
464 1637 592 1720 iterum,
616 1635 815 1721 Germanice,
837 1639 937 1702 limen
1125 1654 1179 1704 rso
1246 1645 1248 1730 l

101 1724 364 1812 Maerentemqus
387 1726 480 1791 foues
502 1726 738 1811 inclinatosque
761 1730 893 1809 penates

99 1813 218 1900 Erigis.
250 1815 331 1881 haut
352 1815 480 1898 mirum,
503 1814 617 1880 ductor
640 1814 868 1898 placidissimo,
890 1814 1019 1898 quando

100 1901 192 1969 Haec
215 1908 265 1970 est
288 1927 370 1991 quae
393 1904 488 1969 uictis
510 1902 679 1987 parcentia
701 1902 831 1970 foedera
854 1901 968 1989 Cattis,
989 1939 991 1944 ·

102 1993 256 2080 Quaeque
281 2016 375 2059 suum
397 1993 496 2058 Dacis
520 1994 621 2058 donat
644 1992 815 2058 clementia
837 1996 991 2077 montem,

101 2080 190 2156 Quae
209 2081 305 2148 modo
324 2082 548 2147 Marcomanos
568 2085 646 2165 post
663 2080 796 2146 horrida
808 2082 894 2146 bella
908 2101 1075 2166 uagosque
1123 2098 1177 2148 110

101 2168 310 2235 Sauromatas
334 2168 429 2235 Latio
452 2192 520 2235 non
542 2172 593 2234 est
615 2168 750 2255 dignata
771 2170 946 2255 triumpho.

100 2258 233 2342 Iamque
256 2259 291 2323 in
313 2259 376 2322 fine
400 2257 476 2341 dies,
499 2262 532 2321 et
554 2258 755 2323 inexorabile
777 2281 914 2342 pensum

100 2344 226 2411 Deficit.
261 2346 315 2411 hic
338 2347 454 2410 maesti
477 2345 581 2429 pietas
604 2368 656 2411 me
679 2347 788 2430 poscit
808 2347 948 2432 Etrusci,

100 2435 218 2511 Qualia
238 2457 298 2500 nec
322 2433 449 2501 Siculae
472 2434 681 2499 modulantur
703 2436 848 2500 carmina
869 2458 966 2521 rupes

98 2522 169 2589 Nec
190 2524 252 2589 fati
273 2525 341 2590 iam
363 2526 470 2588 certus
494 2524 565 2589 olor
588 2524 741 2608 saeuique
764 2525 883 2589 marita
1123 2542 1175 2592 1⁷5

100 2611 228 2678 Tereos.
261 2614 326 2679 heu
348 2614 480 2699 quantis
502 2612 681 2677 lassantem
703 2613 838 2679 brachia
860 2614 928 2677 uidi

98 2701 290 2768 Planctibus
312 2706 346 2767 11
367 2724 473 2786 prono
498 2700 606 2766 fusum
630 2724 726 2786 super
749 2702 859 2767 oscula
882 2702 988 2773 uultu!
1040 2764 1044 2775 ,

102 2789 167 2854 Uix
189 2791 304 2856 famuli
328 2792 523 2877 comitesque
545 2793 667 2874 tenent,
690 2791 745 2855 uix
769 2789 887 2855 arduus
910 2790 996 2877 ignis

100 2876 299 2945 Summouet.
336 2881 417 2945 haut
440 2881 534 2946 aliter
557 2880 681 2965 gemuit
702 2901 760 2964 per
782 2880 890 2963 patria
913 2878 1055 2945 Theseus

171 3218 222 3268 155
240 3214 398 3283 rependunt
415 3220 438 3266 Δ
457 3216 497 3282 1111
511 3219 562 3268 157
582 3213 695 3268 Errabit
708 3218 732 3267 Δ
746 3220 772 3279 c,
787 3230 857 3269 corr.
872 3214 953 3269 Dora.
968 3216 978 3283 ΙΙ
994 3220 1045 3271 159
1059 3213 1173 3283 lenique

98 3289 135 3338 A:
154 3284 266 3355 leuique
285 3290 302 3336 c
322 3286 332 3353 fl
357 3290 477 3340 1641111
495 3286 581 3354 longa
600 3286 642 3352 ςΙΙ
658 3290 707 3338 168
727 3286 798 3339 catis
815 3288 851 3339 A:
876 3285 966 3355 captis
986 3288 1174 3355 1111111111-

99 3357 232 3411 derantur
248 3362 267 3407 e
286 3374 317 3423 a,
336 3372 404 3410 corr.
423 3356 565 3410 Bentleius
578 3357 588 3424 1
603 3361 654 3410 1⁷9
675 3372 726 3425 per
743 3355 835 3425 patria
852 3356 966 3425 11111111.-
984 3355 1109 3425 periuria
1123 3362 1141 3410 c
1157 3376 1174 3409 a

97 3426 147 3495 pia
163 3427 262 3481 funera
280 3426 415 3482 Heinsius

1248 1933 1251 2021 l
