2517 3925
99 220 146 255 xiv
433 198 606 269 amnonis
624 200 841 256 PRAEFATIO.

122 365 162 409 ue
194 344 329 429 uulgata
361 366 399 408 ex
430 344 526 409 unica
558 344 701 410 editione
732 345 893 431 principe;
924 347 960 411 in
992 370 1056 432 qua
1088 350 1174 433 quod

100 367 285 497 lolitianus
300 455 318 499 e
333 430 538 517 sangallensi
551 433 599 497 nil
618 434 799 519 adnotauit,
817 456 894 503 sane
913 436 1098 502 mirandum
1112 441 1170 502 ast

192 518 254 587 Sed
279 520 341 587 hoc
364 521 494 607 uitium,
518 521 659 587 simodo
679 525 729 588 est
747 523 875 606 uitium,
898 522 1089 591 Marklando
1107 547 1175 591 non

99 610 215 692 minus
229 610 476 677 condonandum
500 613 551 675 est
573 632 671 695 quam
693 612 784 696 illud,
808 613 909 698 quod,
931 636 1004 679 cum
1025 617 1078 679 tot
1099 636 1172 680 uer·

98 698 214 764 borum
236 702 383 766 monstra
406 699 436 763 ei
458 698 618 764 domanda
643 704 765 784 essent,
787 700 951 767 interdum
973 701 1172 768 hebescebat

99 788 384 873 praetermisitque
406 787 524 852 menda
547 789 760 873 apertissime
792 789 896 855 ueluti
919 790 1013 875 1113,
1029 792 1092 856 179
1107 814 1170 877 sq:

475 926 553 981 haud
573 927 657 982 aliter
673 928 783 997 gemuit
799 927 923 999 periuria
941 929 1064 984 Tbeseus

312 997 416 1067 Litore,
434 996 484 1066 qui
501 997 580 1053 falsis
599 997 749 1067 deceperat
765 999 862 1068 Aegea
879 998 951 1055 uelis

100 1140 185 1206 nihil
200 1143 259 1227 illi,
276 1143 314 1206 ut
332 1145 364 1207 et
380 1142 494 1207 ceteris
508 1141 629 1208 criticis
637 1142 814 1228 .p1erisque‚
834 1143 1006 1210 subolebat
1022 1143 1062 1207 de
1075 1143 1167 1209 uocis

101 1228 266 1313 ‘periuria'
294 1230 487 1315 corruptela,
515 1252 606 1315 quae,
634 1231 728 1315 siqua
751 1231 830 1317 alia,
851 1232 887 1297 in
908 1232 1083 1318 propatulo
1107 1235 1166 1297 est.

99 1319 175 1404 quid
207 1318 315 1385 enim?
352 1340 431 1383 num
464 1316 609 1384 Theseus
645 1319 761 1405 redux,
797 1342 870 1386 cum
899 1321 1011 1405 Aegea
1041 1320 1168 1386 uideret

97 1408 318 1489 interfectum,
346 1406 454 1492 potius
487 1430 580 1472 suam
610 1408 647 1473 in
677 1406 843 1474 Ariadnen
873 1408 1041 1493 perfidiam
1073 1407 1167 1497 (quid

101 1497 188 1562 enim
210 1496 330 1581 uirgini
353 1496 498 1563 desertae
522 1518 595 1561 cum
618 1518 694 1562 sene
716 1498 753 1563 in
769 1518 860 1562 mare
877 1519 911 1561 se
929 1495 1167 1583 praecipantil)

98 1585 862 1759 tttnmttttttsstt,tepetis
878 1585 1168 1739 stiffi}

97 1764 399 1937 httttttttt,
415 1761 1167 1935 stitt0ff⁰ttltltttttthttttt

98 1960 228 2025 quoque
255 1939 357 2023 patris
386 1939 512 2006 obitum
539 1938 713 2004 maeruisse
744 1940 986 2025 suspicarentur
1007 1939 1167 2004 lectorum

98 2028 208 2092 animi.
240 2050 315 2092 nam
334 2049 375 2092 ne
399 2028 484 2112 apud
508 2025 648 2094 Statium
672 2028 801 2113 quidem
819 2029 1005 2113 ceteroquin
1021 2027 1057 2092 in
1076 2025 1165 2091 adhi-

98 2116 215 2182 bendis
228 2115 525 2200 comparationibus
538 2138 605 2182 non
619 2117 717 2182 nimis
731 2116 919 2202 diligentem
934 2115 1016 2180 talia
1028 2119 1167 2199 possunt

96 2204 182 2269 ferri.
226 2203 441 2269 insistendum
466 2204 567 2290 igitur
593 2205 740 2270 codicum
766 2205 912 2288 lectioni,
939 2203 995 2287 qui
1019 2201 1165 2268 ‘Litora'

95 2293 266 2377 praebent,
292 2291 554 2377 restituendaque
577 2293 777 2378 comparatio
804 2315 900 2377 quam
922 2291 1088 2356 laxissime
1110 2291 1166 2354 uel

95 2381 190 2534 placo:
215 2380 317 2533 ‘haulpl
335 2381 430 2444 aliter
452 2381 575 2466 gemuit
592 2403 651 2466 per
668 2383 777 2464 patrea
799 2381 943 2444 Theseus
965 2377 1089 2444 Litore'
1111 2378 1166 2442 uel

127 2473 198 2534 tera
220 2469 292 2533 sim'
309 2467 344 2533 ‘a

185 2556 309 2622 Maiore
333 2560 441 2622 autem
464 2579 563 2642 quam
584 2558 681 2622 modo
700 2559 954 2622 commemorata
969 2553 1164 2645 iureMarlr-

96 2645 205 2730 lando,
227 2648 265 2709 ut
287 2647 319 2710 et
337 2643 482 2730 Heinsio,
504 2645 636 2730 obicias,
658 2646 744 2730 quod
767 2645 874 2730 poesis
898 2643 1065 2709 Statianae
1088 2663 1164 2725 pro-

96 2734 250 2818 prietates
280 2734 442 2799 interdum
473 2734 687 2818 neglexerunt
717 2737 750 2799 et
781 2733 822 2798 ad
850 2754 960 2798 eorum
992 2732 1051 2816 qui
1080 2751 1162 2796 aeuo

96 2821 265 2906 Augustae
288 2822 466 2887 flomsrunt
483 2825 654 2906 poetarum
671 2843 818 2886 normam
837 2823 991 2886 rexerunt
1007 2818 1162 2884 criticam

96 2915 208 2976 nostro
227 2909 356 2974 demum
374 2911 513 2994 saeculo,
531 2914 569 2976 ut
585 2910 810 2974 Burmannum
828 2909 991 2975 eiusmodi·
1004 2906 1163 2973 nonnulla
1252 2918 1253 2939 l

96 2998 131 3062 in
144 2997 335 3064 Marklando
354 2999 483 3065 inimice
501 3000 670 3064 notantem
689 2998 848 3083 omittam,
865 2999 1025 3063 rationem
1041 2995 1161 3060 habere
1252 3080 1253 3085 ἵ

96 3091 272 3171 coeperunt
297 3087 469 3171 peculiaris
496 3086 694 3152 carminibus
717 3085 872 3152 Stutiunis
897 3085 1025 3151 coloris.
1069 3104 1161 3167 prae-
1252 3116 1253 3137 κ

95 3175 176 3240 tulit
194 3175 297 3242 facem
315 3175 537 3240 Fordinandus
555 3173 709 3240 Hendius
726 3175 762 3239 in
784 3174 934 3240 editionis
957 3195 1023 3258 qua
1045 3171 1118 3237 silu.
1134 3170 1160 3255 Ι,
1252 3192 1253 3251 q

98 3264 193 3329 1-—3
224 3263 469 3329 commentariis·
496 3262 706 3347 amplissimis
736 3262 889 3328 instruxit
914 3259 1050 3346 praefat.
1076 3283 1107 3344 p.
1129 3258 1161 3322 X

96 3373 164 3436 sqq.
199 3351 322 3416 dehac
344 3372 378 3416 re
402 3350 529 3436 egregie
552 3353 588 3415 in
609 3351 796 3417 uniuersum
826 3352 968 3432 locutus3
999 3352 1033 3414 et
1059 3347 1162 3412 secuti

97 3442 175 3504 sunt
202 3439 290 3504 hunc
323 3439 431 3504 uirum
458 3439 514 3504 alii
541 3439 645 3504 multi.
690 3440 747 3504 sed
772 3444 810 3504 ut
840 3440 906 3503 iam
932 3435 1095 3520 Handius,
1126 3438 1164 3500 ut
1251 3440 1252 3479 ³
