2517 3925
410 210 597 266 smumuu
615 210 647 266 u.
666 211 714 279 111,
733 216 758 265 4.

69 357 217 442 Misisses3
239 357 363 441 patrias
385 376 472 420 nunc
494 355 583 420 solus
605 353 706 419 crinis
730 354 771 419 ad
794 376 867 420 oras

69 445 209 532 Nauiget.
254 445 341 510 hunc
363 445 467 510 multo
489 444 613 528 Paphie
637 444 807 509 saturabat
830 464 970 528 amomo,

69 535 156 600 Hunc
176 555 265 599 noua
284 533 464 618 tergemina
485 533 638 618 pectebat
659 530 773 598 Gratia
795 532 916 598 dextra.

69 623 146 688 Huic
168 626 201 688 et
221 623 375 707 purpurei
398 622 492 687 cedat
514 643 607 687 coma
629 622 740 687 saucia
762 620 845 706 Nisi,

68 711 107 776 llt
127 733 224 797 quam
248 709 402 796 Sperchio
423 710 568 775 tumidus
591 709 744 776 seruabat
766 710 921 776 Achilles.
1091 721 1129 772 85

68 799 136 884 Ipsi,
158 821 230 864 cum
253 800 394 884 primum
416 800 546 864 niueam
568 820 776 886 praecerpere
797 800 939 866 frontem

69 889 232 954 Decretum
255 892 306 954 est
325 888 541 974 humerosque
562 909 663 952 manu
685 890 807 954 nudare
829 889 979 970 nitentes,

71 979 243 1043 desumunt
266 978 371 1042 teneri
393 977 521 1064 Paphia
542 1000 616 1043 cum
638 982 742 1044 matre
765 978 913 1043 uolucres

70 1065 306 1151 Expediuntque
325 1087 435 1132 comas
453 1071 487 1132 et
509 1067 612 1132 serica
634 1071 765 1150 pectore
786 1069 914 1152 ponimt

72 1154 174 1221 Pallia.
217 1159 299 1220 tunc
320 1155 441 1220 iunctis
464 1157 584 1221 crinem
606 1155 749 1223 incidere
773 1155 902 1241 sagittis
1092 1167 1131 1217 99

71 1243 169 1328 Atque
192 1265 274 1309 auro
296 1243 498 1329 gemmisque
520 1245 638 1327 locant,
661 1246 747 1330 rapit
769 1245 842 1329 ipra
863 1243 1031 1309 cadentem

70 1331 172 1417 Mateq
195 1335 229 1397 et
252 1354 389 1399 arcanos
412 1333 511 1398 itcrat
533 1331 694 1417 Cytherea
717 1334 870 1419 liquores.

72 1419 152 1485 Tunc
172 1443 253 1506 puer
276 1443 294 1484 e
315 1422 423 1507 turha,
445 1422 597 1486 manibus
620 1423 675 1506 qui
696 1423 782 1487 forte
805 1422 931 1507 supinis

71 1506 177 1574 Nobile
200 1513 366 1595 gemmato
389 1511 556 1596 speculum
577 1515 768 1594 portauerat
790 1531 878 1594 auro,

73 1595 147 1662 ‘Hoc
169 1619 297 1684 quoque
320 1598 454 1683 demus',
479 1600 540 1684 ait;
562 1598 687 1684 ‘patriis
708 1621 769 1664 nec
791 1601 916 1684 gratim
939 1597 1043 1662 ullum
1093 1609 1146 1686 99Ι
1177 1679 1181 1688 ,

72 1683 178 1751 Munus
201 1687 264 1752 erit
286 1687 416 1772 templis
438 1688 576 1774 ipsoque
598 1689 732 1773 potitius
756 1709 844 1754 auro.

73 1772 114 1837 lu
134 1775 228 1840 modo
246 1775 311 1861 fige
334 1777 437 1841 aciem
460 1783 494 1842 et
515 1777 627 1843 uultus
646 1777 699 1842 hic
721 1798 823 1861 usque
846 1772 1012 1858 relinque?

74 1858 118 1926 Sic
138 1863 183 1928 ait
205 1868 238 1928 et
257 1865 424 1948 speculum
447 1866 580 1931 reclusit
601 1865 745 1951 imagine
767 1867 871 1949 rapta.

74 1949 113 2015 ht
131 1974 208 2037 puer
230 1955 379 2038 egregius
400 1954 537 2020 tendens
560 1954 602 2021 ad
625 1954 732 2019 sidera
754 1954 895 2039 palmas,

75 2037 141 2105 ‘His
162 2042 245 2106 mihi
266 2064 326 2126 pro
350 2043 453 2129 donis,
475 2044 647 2109 hominum
668 2044 841 2107 mitissime
864 2044 987 2125 custos,
1079 2055 1133 2105 roo

75 2124 104 2191 Si
123 2132 232 2215 merui,
255 2131 355 2216 longa
378 2132 544 2198 dominum
566 2154 726 2198 renouare
749 2133 882 2198 iuuenta

75 2213 169 2302 Atque
191 2220 264 2284 orbi
287 2240 416 2285 seruare
439 2222 535 2287 uelis!
558 2222 621 2287 hoc
645 2221 750 2286 sidera
772 2242 908 2305 mecum,

76 2301 137 2370 Hoc
158 2307 264 2373 undae
286 2312 455 2395 terraeque
477 2314 606 2396 rogant
651 2313 714 2395 eat,
737 2331 804 2395 oro,
826 2332 885 2395 per
908 2329 1010 2373 annos

76 2389 180 2460 Iliacos
200 2397 376 2483 Pyliosque
399 2399 504 2484 simul,
525 2399 747 2485 propriosque
762 2403 894 2483 penates

77 2478 209 2549 Gaudeat
231 2488 265 2549 et
287 2507 395 2554 secum
418 2488 566 2572 Tarpeia.
580 2508 746 2553 senescere
768 2486 909 2571 templa'
1079 2499 1132 2548 105

78 2565 121 2634 Sic
141 2573 186 2637 ait
208 2577 243 2639 et
264 2579 370 2641 motas
387 2577 524 2641 miratur
546 2577 724 2662 Pergamos
748 2598 830 2641 aras.

78 2762 276 2779 ἣ*-

139 2914 170 2964 81
189 2910 264 2966 solus
282 2908 366 2963 crinis
384 2908 423 2962 Δ*
441 2915 472 2962 c:
491 2908 565 2964 solus
582 2908 674 2964 uictor
693 2914 711 2963 ς
728 2908 811 2980 laras
830 2911 920 2979 5l⁸4
939 2908 1022 2964 cedat
1040 2928 1068 2963 a:
1088 2923 1132 2963 cc·

81 2974 177 3033 99989
192 2984 197 3049 ι
212 2979 309 3036 saucia
322 2986 340 3032 c
354 2999 384 3035 a:
402 2980 508 3035 Paucia
520 2979 559 3033 Δ*
571 2982 642 3046 (aaa
656 2981 740 3035 dabie
751 2980 890 3035 Politiaaa'
903 2996 993 3036 errore
1006 2982 1039 3034 in
1052 2985 1134 3035 tanta

80 3044 98 3097 P
114 3054 135 3102 et
150 3050 165 3103 l
177 3053 332 3108 litterarior
348 3051 542 3119 simulitudine)
554 3053 564 3121 Ι
578 3057 612 3106 88
631 3050 791 3121 praecidere
805 3050 940 3106 Heinsius
953 3053 963 3121 l
976 3056 1010 3106 88
1028 3050 1132 3120 teneri]

82 3120 149 3182 pueri
165 3123 268 3180 Markl.
283 3124 293 3192 Ι
307 3127 340 3177 89
360 3121 466 3192 comas]
485 3138 585 3177 manus
603 3122 648 3176 uel
666 3119 743 3176 sinus
761 3121 932 3177 Schrodarrss
949 3124 959 3192 l
979 3128 1012 3176 91
1032 3121 1127 3175 eaden·

81 3188 116 3241 89
132 3196 148 3242 0
164 3212 188 3263 a,
206 3211 276 3249 corr.
299 3192 470 3249 saracene
486 3195 497 3263 l
515 3198 549 3248 92
571 3209 675 3248 arcano
694 3195 804 3248 saturat
822 3191 852 3248 0.
875 3193 983 3262 liquore
1001 3191 1133 3246 Schrade-

81 3272 133 3326 rsa
147 3279 197 3332 pro
214 3265 301 3321 iterat
313 3266 407 3335 possa
423 3265 543 3319 walcero
559 3263 645 3319 infert
658 3266 667 3334 ΙΙ
681 3269 715 3319 99
728 3262 844 3333 petitine
856 3263 970 3331 carpsi.-
992 3260 1135 3331 potentius

83 3332 126 3381 ⁰²
144 3333 154 3402 Ι
174 3342 206 3392 97
228 3334 275 3390 hic
297 3335 448 3391 Boethius:
470 3336 526 3389 huc
548 3341 566 3387 9
584 3335 671 3390 ahos
691 3334 795 3390 Marici.
818 3337 829 3405 l
851 3339 885 3389 99
904 3334 943 3386 At
959 3335 983 3384 Δ
1002 3337 1033 3386 ςε
1054 3332 1096 3385 Ac
1111 3337 1133 3412 ‚⁰

85 3396 88 3465 l
131 3404 227 3543 ᾖξε
235 3406 358 3532 ΨΜ
376 3409 484 3463 erectas
503 3406 638 3462 Heraios
651 3407 661 3475 n
675 3412 725 3460 103
745 3422 794 3460 oro
812 3410 835 3456 a
854 3409 952 3457 3:010
971 3403 1078 3470 99194
1096 3418 1131 3455 u-

83 3484 106 3521 m
160 3476 182 3530 si
283 3479 352 3534 erkl.
