2517 3925
131 220 175 285 46
486 219 516 274 Ρ.
535 218 675 276 PAPINll
693 217 820 286 sulm
922 236 927 243 ·

131 365 276 432 Ultores:
300 365 372 448 quis
396 364 483 429 enim
506 363 642 428 inlicitis
665 362 810 447 genialia
831 363 941 445 rumpi

77 462 116 503 ³⁵⁵
131 454 233 519 Pacta
256 453 340 518 dolis
363 452 517 536 facilique
539 450 628 516 trahi
651 451 790 516 conubia
811 454 911 534 raptu

131 540 198 607 (len
220 564 317 626 pecus
341 545 563 606 armentumve
587 543 644 604 aut
665 539 747 604 viles
771 539 888 603 messis
912 560 1046 605 acervos
1117 556 1152 607 ιο

130 630 298 696 Perierat?
320 630 401 694 haec
425 630 525 695 eiam
547 628 649 693 fortes
672 627 797 692 iactura
818 630 971 692 moveret

129 718 205 784 Non
228 720 305 783 tulit
326 717 461 783 insidias
484 717 627 781 divum
617 715 812 800 imperiosus
836 716 975 800 Agenor,

130 806 341 892 Mugitusque
364 826 473 870 sacros
496 808 530 869 et
552 824 672 888 magno
694 803 826 869 numine
848 808 975 869 vectam

76 903 118 944 ³⁶⁰
132 894 279 971 Quaesiit
301 895 456 977 Europen
479 899 735 977 aspernatusque
759 890 943 958 Tonantem
966 896 1017 956 est

130 982 177 1048 Ut
191 1004 355 1069 generum.
392 983 533 1066 Raptam
557 985 590 1047 et
605 980 760 1065 Scytlrico
785 981 824 1045 de
846 980 943 1045 litore
965 979 1091 1064 prolem
1116 995 1151 1045 ιι

129 1070 205 1137 Non
229 1072 307 1137 tulit
292 1072 463 1155 tAeetes,
485 1071 636 1153 ferroque
659 1074 693 1135 et
715 1070 817 1134 classe
841 1071 971 1135 secutus

130 1157 298 1226 Semidecs
322 1179 414 1244 reges
438 1162 472 1224 et
493 1160 615 1223 ituram
638 1159 672 1223 in
696 1158 803 1224 sidera
825 1158 969 1242 puppim.

127 1247 198 1314 Nos
221 1247 353 1332 Phryga
375 1248 562 1312 semivirum
585 1250 698 1329 portus
722 1249 756 1310 et
778 1247 876 1311 litora
897 1245 1018 1311 circum

75 1343 115 1384 ³⁶⁵
130 1335 286 1420 Argolica
308 1336 433 1398 incesta
455 1334 648 1400 volitantem
670 1356 779 1417 puppe
800 1334 964 1399 feremus?

129 1422 242 1507 Usque
253 1423 333 1487 adeo
341 1444 503 1506 nusquam
518 1444 610 1487 arma
624 1426 658 1486 et
672 1423 755 1506 equi,
769 1422 916 1507 fretaque
930 1422 1020 1487 invia
1031 1422 1149 1487 Grais?

130 1510 215 1587 Quid
238 1511 267 1575 si
289 1533 374 1576 nunc
397 1511 514 1595 aliquis
538 1510 654 1595 patriis
678 1514 829 1595 rapturus
854 1512 896 1575 ab
921 1511 987 1575 oris
1114 1527 1147 1576 81

129 1600 324 1665 Deidamian
347 1603 400 1664 eat
421 1599 582 1683 viduaque
605 1621 623 1663 e
647 1599 722 1664 sede
745 1600 881 1665 revellat

129 1688 316 1754 Attonitum
340 1691 372 1752 et
395 1689 507 1773 magni
530 1688 726 1754 clamantem
748 1710 868 1755 nomen
890 1685 1064 1752 Achillis‘l'

74 1780 116 1823 ³⁷⁰
129 1774 223 1841 Illius
247 1776 287 1841 ad
311 1777 462 1859 capulum
484 1777 581 1841 rediit
603 1798 717 1841 manus
741 1798 779 1841 ac
801 1777 900 1841 simul
921 1775 1037 1860 ingens

128 1861 265 1948 Impulit
287 1886 348 1929 ora
370 1865 482 1930 rubor:
504 1866 607 1929 tacuit
631 1868 801 1930 centenius
824 1864 947 1930 Ulixes.
1108 1878 1144 1929 ιι

217 1951 349 2038 Excipit
371 1951 522 2020 Oenides:
546 1952 656 2039 ‘Quia
680 1977 699 2020 o
722 1953 917 2038 dignissima
941 1952 1022 2018 caeli

128 2040 319 2127 Progenies,
342 2042 487 2127 ritusque
510 2047 584 2109 tuos
609 2043 832 2127 elementaque
853 2043 980 2127 primae

127 2129 253 2195 indolis
277 2133 324 2212 et,
345 2130 454 2194 valida
477 2152 553 2195 mox
576 2131 746 2197 accedente
768 2132 915 2215 iuventa,

75 2224 115 2265 ³⁷⁵
129 2216 220 2294 Quae
244 2218 363 2284 solitus
386 2219 518 2284 laudum
540 2219 602 2283 tibi
625 2221 750 2285 semina
771 2220 914 2304 pandere
937 2217 1074 2301 Chiron,

126 2305 204 2370 Virt
189 2307 333 2408 tutisque
353 2306 422 2371 adit
407 2310 471 2390 tus,
481 2329 573 2408 „quas
592 2309 740 2373 membra
762 2329 880 2394 augere
902 2328 962 2390 per
984 2310 1085 2387 artes,
1111 2323 1148 2374 ιο

129 2392 218 2469 Quas
242 2395 398 2473 animum,
422 2395 518 2460 sociis
541 2397 743 2480 multumque
766 2395 950 2462 faventibus
974 2394 1047 2461 ede:

129 2480 178 2546 Sit
164 2485 276 2567 tpret
277 2482 343 2546 ium
366 2483 482 2585 longas
506 2484 597 2567 penit
598 2507 636 2550 ιιι
660 2485 825 2569 quaesisse
847 2505 906 2567 per
927 2483 1032 2549 undas

129 2568 255 2654 Scyron
278 2571 384 2637 ethis
407 2571 547 2654 primum
569 2594 717 2655 parmam
741 2573 920 2638 ostendisse
943 2569 1096 2638 lacertis?

198 2786 232 2835 '10
249 2779 314 2836 vilis
331 2787 351 2834 P
367 2782 372 2849 1
387 2781 468 2835 farris
487 2797 601 2837 acervos
620 2782 792 2836 Schradema
808 2784 819 2851 1
840 2788 872 2837 ⁷1
891 2782 963 2837 haec
981 2781 1067 2836 etiam
1086 2785 1143 2834 A!

124 2849 195 2904 haec
214 2853 244 2905 et
256 2868 313 2906 non
326 2851 404 2906 Lae
419 2853 429 2921 1
444 2855 477 2906 '15
491 2851 528 2906 Vi
546 2867 681 2922 generum
699 2853 858 2907 &onorius
874 2853 1012 2907 Bantius
1027 2853 1032 2919 1
1047 2852 1142 2921 Rapta

125 2919 256 2988 Scythico
270 2926 291 2973 P
306 2925 311 2988 1
328 2927 361 2977 'lt
375 2923 451 2977 itura
464 2922 525 2975 Pe’
537 2870 595 2992 18519
614 2921 654 2976 Ar
653 2923 820 2993 golieaePfl
833 2928 868 2979 81
887 2923 924 2978 ab
947 2922 1003 2976 aris
1022 2923 1141 2977 ceaieoe-

124 2995 192 3045 rwat
206 2991 341 3046 Heinsius
355 2997 380 3046 et
392 2994 597 3062 Barmaaaaall
610 2998 646 3046 86
587 2941 783 3075 ugllxcepit
795 2999 816 3046 P
828 2995 840 3064 1
853 2997 886 3048 88
905 2993 991 3048 Idolis
1004 2992 1144 3118 Ἔφι-

125 3060 208 3117 dente
226 3067 247 3114 P
265 3064 274 3145 11
293 3068 326 3116 91
346 3062 405 3118 edis
424 3066 472 3133 Ρ
461 3066 472 3133 1
489 3070 524 3120 93
543 3064 587 3118 his
605 3064 728 3133 primum
751 3081 831 3120 arma
857 3063 1012 3120 ostendisse

124 3135 146 3184 P
167 3133 211 3188 his
229 3133 322 3202 primu
340 3133 562 3259 ιιιιι11ί1ιιιιιιιιιι
580 3135 694 3217 lacertis
712 3134 748 3187 θ’
765 3136 809 3190 his
826 3135 950 3206 primum
967 3133 1144 3205 ιιιιι1111οιιιιι-

124 3202 198 3258 disse
218 3204 331 3285 lacertis
349 3210 384 3258 Pe
433 3223 458 3259 ιι
471 3223 593 3274 primum
612 3205 697 3261 armis
714 3206 837 3262 tendisse
854 3207 975 3262 lacertos
993 3204 1074 3261 Leia.
1098 3203 1144 3258 his

124 3288 202 3328 arma
219 3274 342 3342 primum
360 3274 514 3358 ostendisse
527 3277 684 3332 lacertose
702 3276 757 3332 hiis
775 3278 861 3333 armis
877 3277 1001 3358 primum
1013 3274 1142 3330 tendisse

122 3343 245 3398 lacertos
262 3350 284 3395 n
302 3345 347 3398 his
365 3344 450 3399 armis
468 3345 589 3413 primum
606 3347 760 3403 intendisse
778 3348 897 3404 lacertos
911 3352 940 3401 Ι
956 3347 1002 3428 liis
1015 3345 1140 3429 primum

123 3428 253 3537 uua
269 3415 903 3542 aestusqueastusque
917 3433 1143 3487 “mlum
