2517 3925
394 246 564 303 EDITORIS
581 246 797 305 PRAEFATIO.
1057 249 1111 304 VII

185 391 364 479 Aliquanto
395 396 472 478 post
503 390 671 460 Conradus
698 392 987 480 wirciburgensis,
1014 398 1111 479 poeta

94 484 151 549 ille
174 481 386 566 clarissimus,
413 483 449 547 in
476 482 618 547 carmine
646 504 705 548 suo
734 483 935 567 amplissimo
963 483 1002 547 de
1024 484 1110 549 bello

96 572 241 645 Troiano
264 593 338 638 cum
361 572 425 637 alia
446 570 609 655 permulta
631 571 741 637 hausit
763 593 803 637 ex
821 571 1013 657 Achilleida,
1040 575 1111 637 tum

93 661 236 727 maxime
254 661 375 746 figuras
393 660 569 727 nonnullas
588 682 625 725 ac
644 662 904 747 comparationes
922 661 1112 727 adverbum

94 771 198 833 paene
217 751 394 836 exscripsit.
438 750 631 817 Aoouratius
661 752 697 816 in
728 750 813 817 hanc
844 774 912 817 rem
940 750 1112 836 inquisivit

94 838 136 903 H.
164 836 340 923 Dungerus
362 840 399 904 in
420 840 531 905 libello
555 841 611 925 qui
633 839 820 905 inscribitur
843 840 906 905 ‘die
929 839 1014 926 Sage
1036 861 1112 905 vom

94 927 316 993 troianischen
338 927 470 1013 Kriege'
492 929 579 1013 Lips.
605 929 690 995 1869
713 951 744 1013 p.
767 928 820 995 47.
843 928 897 995 48.
919 928 972 995 52.
996 928 1048 995 55.

187 1015 276 1092 Quae
304 1030 377 1082 cum
404 1018 451 1081 ita
479 1018 559 1102 sint,
588 1039 657 1083 non
687 1022 738 1083 est
759 1018 945 1083 mirandum
968 1017 1053 1104 quod
1076 1017 1112 1081 in

93 1104 268 1171 Britannia
282 1105 389 1171 Gallia
403 1105 577 1179 Germania
594 1110 646 1173 tot
668 1106 786 1191 quibus
800 1108 983 1173 continetur
1000 1106 1112 1173 Achil·

92 1195 153 1259 leis
172 1195 379 1260 inveniuntur
397 1194 536 1262 codices:
557 1195 632 1279 plus
652 1196 738 1261 enim
758 1197 1002 1282 quinquaginta,
1025 1195 1112 1280 quod

94 1282 245 1368 equidem
275 1283 389 1368 sciam,
421 1283 526 1349 adhuc
553 1284 588 1349 in
610 1284 716 1350 lucem
744 1286 865 1368 prolati
892 1288 977 1351 sunt.
1031 1284 1113 1350 Post

94 1372 262 1437 inventam
286 1376 390 1438 artem
412 1373 684 1458 typographicam
707 1372 804 1439 Statii
823 1395 950 1460 quoque
968 1374 1112 1439 carmina

92 1461 132 1525 in
147 1460 286 1527 officinis
300 1462 618 1546 praecipue'ltalicis
632 1461 809 1527 identidem
821 1463 937 1528 formis
951 1462 1112 1546 descripta

94 1552 182 1617 sunt.
205 1548 340 1615 Editio
354 1549 599 1617 Achilleidos
613 1552 796 1635 princeps
811 1554 921 1616 6116111
935 1552 1007 1635 ipso
1025 1573 1109 1616 anno
1129 1627 1132 1629 v

97 1638 187 1703 1470
220 1660 262 1703 611
292 1638 392 1723 paulo
424 1642 501 1722 post
529 1640 635 1703 lucem
667 1639 797 1723 uiderit,
829 1661 946 1724 parum
973 1642 1112 1723 constat,

93 1726 215 1811 quippe
229 1748 312 1813 quae
324 1727 485 1811 prodiisse
495 1726 626 1793 dicatur
639 1748 700 1793 nec
713 1750 799 1793 anno
811 1728 952 1794 11661666
961 1728 1111 1793 indicato.

93 1814 283 1881 Editionem
317 1816 524 1882 Romanam
556 1814 635 1881 anni
664 1815 751 1881 1475
781 1814 869 1902 (oum
900 1818 1109 1881 commentar.

92 1902 219 1971 Placidi
232 1902 423 1972 Lactantii
413 1926 448 1970 m
467 1904 579 1990 Theb,
600 1903 716 1971 Franc.
730 1904 945 1970 Maturantii'
935 1927 971 1970 16
985 1904 1111 1988 Achill,

93 1991 191 2060 Dom.
210 1991 405 2060 Oalderini
395 2017 430 2060 m
449 1991 579 2078 Siluas),
601 1992 761 2059 editiones
780 1994 951 2059 Venetas
976 2017 1004 2059 a
1025 1957 1111 2060 1483’

93 2082 252 2167 611490,
277 2105 414 2168 quarum
431 2082 587 2149 lectiones
611 2105 632 2146 a
649 2082 781 2148 Menhio
800 2083 947 2148 conlatas
965 2083 1111 2167 adhibui,

94 2174 225 2237 secutae
244 2175 322 2236 sunt
343 2171 510 2237 Aldinae
535 2195 562 2238 a.
584 2171 671 2238 1502
690 2175 723 2236 et
742 2171 842 2256 1519,
865 2193 1002 2257 quarum
1024 2171 1113 2255 prior

94 2259 192 2345 (quae
215 2259 295 2325 mihi
318 2263 448 2343 praesto
471 2259 547 2342 fuit)
572 2258 648 2325 ‘nisi
672 2260 713 2324 ab
735 2260 807 2344 ipso
826 2258 979 2345 Avantio,
1000 2265 1113 2326 tamen

94 2349 164 2415 eius
179 2349 461 2426 emendationibus
476 2349 632 2414 adhibitis
646 2348 794 2414 confecta
807 2347 877 2416 est'.
912 2346 975 2436 (ef.
990 2349 1113 2414 Handii

94 2437 198 2521 praef.
220 2461 251 2522 p.
273 2433 440 2524 XXXVI.)
475 2437 528 2502 Ex
545 2436 667 2502 Aldina
690 2437 832 2503 secunda
854 2441 1040 2503 contextum
1059 2438 1112 2503 16-

95 2525 259 2592 scribebat
280 2525 527 2608 Bernartius,
554 2525 609 2609 qui
637 2524 776 2591 Statium
803 2527 839 2591 in
862 2526 994 2592 officina
1015 2524 1112 2590 Plan·

92 2615 224 2680 tiniana
245 2614 444 2698 Antverpiae
469 2613 556 2680 1595
579 2613 694 2699 edidit,
725 2636 764 2680 ex
787 2618 926 2699 quatuor
948 2614 1113 2688 codicibus

94 2702 312 2770 emendatum.
357 2703 396 2768 Id
419 2701 505 2788 quod
529 2701 704 2788 Scaliger
731 2704 795 2769 sibi
821 2704 1048 2787 proposuerat,
1075 2705 1113 2766 ut

95 2789 239 2858 Statium
271 2795 451 2859 correctum
482 2794 516 2856 61
551 2790 750 2857 illustratum
787 2791 909 2876 ederet,
941 2790 1111 2875 quominus

9 2947 10 2966 ,
95 2879 251 2965 efficeret,
277 2880 383 2946 virum
408 2901 534 2946 summo
557 2879 691 2965 ingenio
717 2879 900 2963 praeditum
927 2879 1112 2964 impediisse

9 2971 11 3040 1
95 2968 216 3034 dicitur
243 2969 342 3036 editio
369 2968 673 3054 Lindenbrogii,
703 2989 785 3054 quae
817 2991 845 3033 a.
870 2969 957 3034 1600
979 2967 1113 3034 Parisiis

94 3057 226 3142 prodiit.
277 3057 311 3124 Is
346 3058 474 3124 etiarnsi
509 3056 651 3122 Statium
683 3077 751 3122 non
786 3058 882 3124 modo
918 3058 957 3122 ad
987 3056 1114 3124 codices

96 3143 146 3230 (in
169 3147 286 3230 quibus
303 3146 450 3230 optimus
474 3145 529 3212 ille
543 3145 726 3211 Puteaneus
750 3144 833 3232 erat)
857 3146 933 3212 dum
955 3146 991 3211 in
1005 3143 1113 3211 Gallia

95 3235 289 3300 versabatur
297 3235 473 3320 recensuit
488 3235 544 3301 sed
558 3234 658 3301 etiam
666 3234 829 3305 1661611111
838 3235 1114 3301 commentariain

94 3321 278 3388 Achilleida
295 3322 449 3477 primumt
460 3346 477 3388 6
501 3324 609 3390 codice
624 3323 803 3390 Pithoeano
827 3322 927 3388 edidit
912 3323 1052 3407 t,plura
1065 3327 1115 3387 ta·

96 3432 171 3476 men
194 3433 292 3508 quam
305 3434 366 3497 par
380 3416 449 3478 erat
471 3413 595 3478 intacta
616 3413 757 3498 reliquit.
734 3411 910 3479 ttSecua
874 3413 983 3475 test
1005 3411 1113 3493 editi0,

97 3520 136 3564 ex
159 3521 222 3591 qua
243 3501 311 3566 fere
335 3523 447 3568 omnes
470 3501 612 3585 reliquae
632 3501 737 3566 adhuc
749 3495 964 3583 1611616111
970 3519 998 3564 6
1011 3497 1115 3563 Frid.
