2517 3925
467 183 501 240 P.
521 183 657 240 Parnm
676 182 797 238 STATII

591 433 683 500 vlu

271 590 509 648 GRATULATIO
525 590 577 644 Al)
593 589 727 644 lum
744 588 1009 644 mesenam.

103 717 216 784 Pande
237 719 326 784 fores
349 739 501 802 superum
522 718 706 802 uittataque
726 717 850 802 templa
872 713 1005 780 Sabaeis

100 807 253 872 Nubibus
276 812 310 873 et
330 806 491 892 pecudum
512 805 603 870 fibris
626 805 827 890 spirantibus
848 805 946 889 inple,

100 897 322 980 Parthenope3
343 895 424 960 clari
445 916 550 980 genus
572 915 646 959 ecce
667 893 860 959 Menecratis
883 897 983 978 auget

102 985 216 1050 Tertia
236 987 304 1050 iam
327 985 466 1049 soboles.
501 1005 672 1068 procerum
694 983 756 1047 tibi
777 983 888 1048 nobile
910 983 1029 1068 uulgus
1062 1051 1069 1060 ,

101 1073 229 1140 Crescit
250 1077 285 1138 et
304 1073 415 1137 insum
436 1072 561 1136 solatur
581 1072 703 1136 damna
724 1069 852 1136 Ueseui

100 1162 171 1227 Nec
194 1162 302 1228 solum
323 1162 426 1226 festas
449 1164 556 1224 emota
577 1159 734 1244 Neapolis
756 1181 831 1224 aras

98 1251 248 1315 Ambiat:
270 1253 305 1314 et
327 1249 406 1313 socii
427 1253 543 1332 portus
564 1248 747 1333 dilectaque
769 1248 841 1312 miti

99 1337 202 1402 Terra
222 1337 403 1402 Dicarcheo
425 1358 485 1401 nec
506 1358 574 1401 non
595 1337 697 1422 plaga
718 1356 794 1402 cara
815 1336 958 1401 madenti

100 1424 291 1490 Surrentina
312 1425 374 1490 deo
396 1425 492 1489 sertis
513 1425 631 1490 altaria
653 1426 777 1510 cingat,

102 1513 243 1580 Materni
265 1535 330 1599 qua
351 1514 431 1579 litus
453 1513 517 1598 aui,
538 1536 636 1598 quem
657 1516 755 1579 turba
776 1517 933 1598 nepotum
1143 1531 1178 1581 10

101 1600 225 1668 Circuit
247 1606 282 1666 et
303 1602 425 1668 similes
448 1603 615 1668 contendit
636 1603 768 1668 reddere
790 1603 910 1668 uultus.

100 1691 249 1756 Gaudeat
270 1693 304 1756 et
325 1690 451 1775 Libyca
471 1692 654 1777 praesignis
677 1692 857 1758 auunculus
879 1691 990 1773 hasta,

102 1779 254 1864 Quaeque
278 1780 342 1844 sibi
364 1781 493 1864 genitos
516 1784 612 1864 putat
634 1781 819 1865 attollitque
840 1778 983 1864 benigno

102 1867 196 1933 Polla
219 1868 301 1933 sinu.
335 1873 451 1952 macte,
470 1890 490 1934 o
512 1869 651 1952 iuuenis,
673 1869 730 1953 qui
751 1872 846 1933 tanta
867 1868 1006 1933 merenti
1248 1928 1249 1940 ,

98 1955 238 2022 Lumina
260 1955 318 2021 das
340 1958 475 2041 patriae.
510 1958 598 2025 dulci
618 1959 731 2023 tremit
752 1980 825 2023 ecce
847 1957 990 2023 tumultu
1140 1974 1175 2025 15

100 2045 165 2111 Tot
187 2046 326 2111 dominis
349 2046 489 2113 clamata
512 2046 636 2114 domus.
670 2047 784 2131 procul
806 2050 879 2111 atra
899 2044 1030 2112 recedat

98 2132 227 2199 Inuidia
250 2137 347 2218 atque
370 2133 435 2199 alio
456 2135 594 2200 liuentia
613 2138 748 2220 pectora
769 2135 894 2201 flectat:

98 2219 160 2286 His
185 2222 309 2287 senium
331 2221 514 2308 longaeque
536 2224 634 2289 decus
657 2225 789 2289 uirtutis
812 2229 846 2289 et
868 2224 943 2289 alba

99 2307 245 2393 Atropos
268 2313 302 2374 et
323 2311 449 2392 patrius
472 2311 580 2377 lauros
603 2314 754 2397 promisit
775 2312 903 2397 Apollo.

99 2395 189 2483 Ergo
214 2396 300 2482 quod
322 2398 487 2463 Ausoniae
509 2404 603 2485 pater
625 2402 875 2486 augustissimus
897 2400 988 2467 urbis
1138 2417 1175 2467 so

100 2485 155 2549 Ius
178 2484 241 2550 tibi
262 2487 461 2571 tergeminae
485 2487 617 2561 dederat
639 2490 790 2553 laetabile
813 2488 926 2575 prolis,

100 2572 204 2640 Omen
227 2576 305 2639 erat
340 2575 432 2640 uenit
453 2576 575 2641 totiens
596 2574 721 2641 Lucina
742 2578 895 2662 piumque

98 2660 240 2726 Intrauit
262 2663 401 2747 repetita
422 2665 532 2729 larem.
570 2664 615 2729 sic
638 2664 764 2749 fertilis,
787 2687 853 2751 oro,

98 2747 170 2815 Stet
192 2750 306 2816 domus
330 2754 363 2815 et
386 2752 478 2817 donis
501 2774 678 2837 numquam
699 2754 823 2818 nudata
847 2754 991 2819 sacratis.

168 3078 243 3135 VIII.
264 3076 389 3138 Pitaium
406 3098 441 3137 aa
458 3086 482 3135 Δ
500 3085 518 3135 0
537 3084 623 3155 dedi!
637 3092 653 3141 0
668 3088 762 3140 erecta
779 3088 892 3155 scripsi:
912 3089 1022 3144 secreta
1038 3084 1096 3141 At·
1113 3088 1173 3147 laa-

97 3153 159 3206 tata
177 3150 283 3207 Marti.
306 3152 317 3222 Ι
338 3155 354 3207 7
373 3152 438 3207 miti
456 3158 474 3205 0
492 3170 524 3207 a:
547 3155 625 3210 mitis
643 3154 723 3212 Dum.
747 3159 757 3227 ΙΙ
779 3162 796 3212 8
815 3156 956 3215 dicarchai
974 3164 992 3210 0
1011 3174 1036 3228 a,
1054 3160 1172 3217 wweai.

97 3221 269 3278 Dicarcheae
290 3223 394 3278 Morti.
408 3225 419 3293 Ι
433 3229 465 3278 11
485 3224 572 3280 simili
590 3256 624 3265 -
643 3227 725 3281 uultu
742 3228 879 3284 Heinsius
898 3230 909 3299 fl
927 3236 960 3285 lt
978 3227 1057 3285 dulci
1075 3258 1109 3271 -
1127 3232 1173 3285 tu·

98 3292 190 3347 multu
208 3297 243 3348 A:
262 3292 352 3349 dulcis
371 3324 404 3333 —
424 3295 563 3351 tumultus
581 3302 599 3348 0
615 3299 620 3367 Ι
635 3297 732 3352 fremit
744 3299 893 3354 Heinsius:
910 3300 1012 3369 strepit
1029 3303 1089 3370 ipsc
1106 3302 1174 3372 olipa

97 3364 201 3443 emaci
222 3364 233 3431 Ι
257 3370 289 3418 17
308 3362 416 3419 lumina
433 3364 532 3420 aeaut
550 3366 656 3423 Marici.
675 3368 685 3437 ΙΙ
705 3374 737 3422 19
756 3369 849 3424 lauros
868 3376 886 3424 ς
906 3389 935 3424 a:
954 3371 1033 3427 lauro
1053 3377 1071 3423 0
1087 3374 1174 3441 {pro-

95 3433 185 3485 mrttrt
203 3432 309 3488 Marici.
323 3435 334 3503 l
348 3439 383 3487 24
400 3435 508 3490 nudata
526 3437 613 3491 ideas.⁸
632 3439 743 3493 mutata
761 3443 779 3490 0
798 3458 815 3492 a
