2517 3925
451 243 453 247 ’
475 232 719 289 ACHILLEIDOS
741 234 771 287 L.
791 236 812 291 Ι.
1106 234 1151 302 35

96 394 125 436 11
136 378 289 461 Quaeque
313 376 389 461 fuit,
412 376 557 461 Dolopas
582 398 656 442 cum
679 375 793 462 Scyria
815 379 915 444 litora
937 378 1068 446 adortos

133 466 308 531 Perdomui
330 465 478 550 fregique
501 466 607 529 vadis!
631 487 713 549 quae
738 466 834 552 signa
855 467 1023 553 triumphi,

82 571 121 611 10³
133 553 274 619 Vidistis
299 555 385 623 celsa
408 576 575 619 murorum
598 554 634 617 in
655 554 764 619 fronte
788 556 925 621 carinas.

134 642 259 707 Saltem
284 643 311 707 si
335 643 478 724 suboles,
502 645 615 726 aptum
639 664 738 726 quam
761 644 891 710 mittere
913 645 1000 709 bello
1026 681 1065 693 -
1100 661 1151 711 780

134 730 232 796 Nunc
253 731 317 814 ipsi
339 730 487 815 viresque
510 752 599 795 meas
624 734 657 795 et
679 752 756 796 cara
778 733 897 797 videtis
1099 749 1150 799 787

134 819 289 903 Pignora:
310 818 439 903 quando
458 840 561 884 novos
576 818 668 884 dabit
682 819 763 885 haec
774 821 856 886 mihi
869 822 968 886 turba
981 821 1152 907 nepotes‘?'

80 926 120 965 110
134 906 286 992 Dixerat,
310 910 344 971 et
366 907 481 973 sollers
506 912 638 991 arrepto
661 911 807 993 tempore
830 908 959 975 Ulixes:

135 994 238 1061 ‘Haut
252 995 432 1080 spernenda
446 997 551 1081 cupis3
574 997 646 1080 quis
662 997 747 1061 enim
760 1017 828 1064 non
840 998 944 1064 visere
959 1003 1074 1083 gentes
1098 1014 1150 1063 787

134 1084 324 1151 Innumeras
347 1085 520 1169 variosque
543 1085 640 1149 duces
664 1087 761 1169 atque
785 1088 918 1171 agmina
939 1107 1055 1172 regum

133 1173 280 1238 Ardeat?
327 1172 431 1239 Omne
454 1174 552 1239 simul
574 1174 737 1258 roburque
761 1175 922 1259 decusque
944 1176 1090 1258 potentis

133 1262 285 1346 Europae
308 1262 443 1328 meritos
466 1262 553 1327 ultro
576 1262 698 1327 iuravit
719 1262 755 1327 in
779 1285 880 1328 enses.

79 1368 117 1408 11⁵
135 1350 224 1415 Rura
246 1351 406 1433 urbesque
429 1353 556 1435 vacant,
579 1354 709 1415 montes
733 1352 946 1435 spoliavimus
965 1351 1065 1437 altos,

134 1438 236 1505 Omne
258 1438 379 1503 fretum
401 1440 501 1525 longa
523 1438 672 1505 velorum
694 1441 860 1505 obtexitur
882 1441 1013 1525 umbra3
1099 1456 1150 1506 790

133 1526 279 1592 Tradunt
302 1550 393 1593 arma
414 1532 540 1612 patres,
562 1528 650 1610 rapit
672 1527 862 1595 inrevocata
884 1530 1045 1595 iuventus.

133 1614 211 1680 Non
234 1615 315 1681 alias
339 1638 494 1701 umquam
516 1620 628 1680 tantae
653 1616 731 1680 data
753 1617 847 1701 copia
869 1617 977 1681 famae

132 1702 287 1769 Fortibus
315 1708 372 1769 aut
396 1727 509 1789 campo
533 1704 658 1769 maiore
681 1706 824 1770 exercita
847 1703 973 1770 virtus?

77 1810 118 1851 rao
133 1790 262 1877 Aspicit
283 1792 447 1857 intentum
469 1793 628 1877 vigilique
651 1793 732 1857 haec
756 1815 831 1858 aure
854 1794 1052 1879 trahentem,

133 1878 216 1945 Cum
237 1884 379 1965 paveant
403 1882 486 1945 aliae
510 1882 714 1966 demissaque
737 1882 862 1947 lumina
883 1884 1028 1967 flectant,
1098 1897 1149 1948 797

132 1969 242 2055 Atque
265 1970 378 2035 iterat:
402 1968 569 2056 ‘Quisquis
591 1971 725 2055 proavis
748 1973 782 2036 et
805 1976 903 2057 gente
927 1971 1079 2057 superba,

133 2057 287 2142 Quisquis
311 2080 394 2143 equo
417 2059 587 2144 iaculoque
609 2063 740 2144 potens,
763 2061 818 2144 qui
840 2061 1010 2145 praevalet
1033 2081 1123 2144 arcu,

133 2145 247 2211 Omnis
270 2146 376 2212 honos
400 2147 483 2232 illic,
505 2148 573 2213 illio
596 2148 744 2232 ingentia
767 2152 895 2214 certant

76 2253 116 2293 12⁵
131 2233 288 2300 Nomina:
312 2236 366 2300 vix
388 2237 523 2302 timidae
541 2241 665 2302 matres
685 2240 743 2301 aut
762 2238 894 2323 agmina
912 2241 1043 2303 cessant

78 2382 119 2424 107
132 2374 261 2442 Possem,
279 2375 365 2445 plena
382 2374 475 2429 forent
493 2374 563 2429 mihi
581 2374 697 2445 gaudia:
716 2391 837 2444 namque
856 2375 989 2432 iurarem.
1096 2379 1146 2431 781

203 2535 229 2570 v.
250 2521 310 2570 ⁷94.
339 2515 539 2571 Priscianus
557 2516 610 2572 VII
629 2520 663 2570 65
687 2535 714 2586 p.
739 2517 858 2573 347117
889 2517 1009 2572 ‘Statius
1033 2517 1094 2572 inl
1112 2519 1149 2586 (ll

129 2585 274 2654 Kreble'as)
299 2587 487 2642 Achilleidos:
519 2586 629 2656 Aspicit
656 2587 797 2641 intentum
819 2586 955 2658 vigilique
983 2588 1054 2644 haec
1081 2605 1148 2642 aure

128 2657 312 2712 trahentem!
359 2729 360 2738 ἵ

202 2803 253 2853 779
273 2799 382 2854 celsa?
405 2799 493 2854 celsas
511 2797 614 2924 scarp
628 2803 680 2853 780
699 2799 797 2867 aptum
814 2802 834 2849 7
865 2799 961 2867 aptam
974 2797 1081 2852 100²!
1099 2814 1147 2868 ap-

128 2869 188 2923 tem
208 2869 339 2924 Mentior
367 2873 463 2939 optem
492 2870 590 2924 Weras
610 2869 696 2936 ortas
711 2870 716 2936 Ι
731 2870 837 2938 Aptam
860 2868 885 2922 si
903 2869 1028 2925 sobolem
1046 2869 1149 2925 saltem

129 2955 214 3024 quarn
232 2940 384 2996 immittere
403 2941 479 2996 bello
492 2945 519 3026 ,(1
537 2942 547 3010 ΙΙ
565 2945 615 2995 781
637 2938 767 3022 ,8771777
785 2940 912 3006 7170177,
934 2957 1081 3025 samem
1100 2942 1147 2996 ab·

128 3013 270 3152 blial
287 3017 374 3152 lilla
391 3011 1145 3152 7737118717781717777777

127 3152 160 3206 irs
177 3159 199 3204 1)
226 3153 305 3208 Laid.
323 3170 409 3224 marg.
439 3153 518 3222 Irips.
538 3157 575 3208 36
609 3153 683 3208 Voss.
703 3156 741 3207 83
759 3169 846 3222 marg.
870 3153 929 3208 cdd.
956 3159 1020 3208 ante
1039 3151 1145 3208 Grono-

127 3224 226 3294 717777
241 3230 292 3279 784
311 3225 428 3294 abrepto
445 3226 488 3296 Pu
502 3229 553 3280 788
572 3224 699 3293 Europes
719 3222 754 3276 (4²
771 3223 851 3279 Laid.
867 3223 872 3294 Ι
888 3224 1017 3292 Europae
1035 3223 1144 3278 iunctos

126 3311 154 3347 m
168 3297 173 3363 Ι
189 3295 263 3351 ultro
277 3294 394 3350 meritos
413 3295 492 3350 Leia.
516 3298 525 3366 Ι]
548 3301 600 3350 789
625 3294 808 3363 spoliavimus
832 3294 905 3350 alnis
923 3295 1059 3350 Heinsius
1077 3294 1149 3349 Gro-

126 3367 226 3421 novius
239 3366 423 3422 Burmannus
440 3369 450 3436 ιΙ
469 3372 519 3421 791
539 3367 616 3436 rapit
638 3370 682 3431 Ap
700 3365 759 3420 ruit
772 3371 799 3417 11
815 3367 826 3433 ΙΙ
844 3371 897 3420 791
913 3365 1058 3422 bibentem
1077 3365 1148 3420 Gro-

126 3438 248 3505 7700177711
262 3443 314 3492 796
334 3439 453 3508 superba
466 3442 487 3490 7
505 3439 639 3508 superbus
652 3441 681 3488 1
698 3437 857 3506 superbitd
869 3439 880 3507 l
894 3442 945 3492 799
965 3440 1016 3493 aut
1031 3436 1146 3508 agmina

127 3511 182 3560 nt
210 3507 258 3563 vix
276 3507 391 3579 agmina
409 3509 469 3564 edd.

893 3599 931 3650 3*
