2517 3925
454 200 643 260 sueretu
660 206 693 261 r.
711 204 745 275 v,
764 211 790 260 2.

601 384 644 450 Π.

240 524 384 580 LAUDRS
407 523 566 580 CRISPINI
588 523 713 580 UECTII
735 523 874 580 BOLANI
897 525 990 582 FILII.

82 652 175 719 Rura
197 674 288 718 meus
311 651 480 736 Tyrrhena
502 652 585 735 petit
608 651 775 736 saltusque
799 649 933 738 Tagetis

83 739 269 826 Crispinum
292 761 352 805 nee
373 741 474 826 longa
496 743 662 805 moreest
685 745 742 805 aut
765 741 838 805 auia
860 741 970 824 tellus3
1083 796 1091 824 ί,

85 828 142 896 see
166 852 239 908 mea
262 832 384 895 secreto
407 829 572 894 uelluntur
593 832 727 912 pectora
746 851 865 915 morsu,

84 919 223 1004 Udaque
244 921 413 1003 turgentes
437 917 600 1001 inpellunt
621 918 746 984 lumina
770 921 890 1003 guttas,
968 941 971 949 ¹

85 1005 153 1072 Geu
178 1029 275 1091 super
296 1009 424 1092 Aegeas
447 1007 570 1071 hiemes
595 1007 746 1071 abeuntis
769 1007 864 1072 amioi
1139 1024 1153 1072 5

84 1095 168 1162 Uele
192 1117 309 1180 sequar
331 1099 537 1179 spectemque
560 1098 665 1159 ratem
687 1096 754 1159 iam
775 1095 882 1162 fessus
906 1096 946 1160 ab
971 1096 1047 1161 altis
1214 1107 1217 1114 '

84 1184 234 1270 Rupibus
258 1189 355 1268 atque
379 1185 490 1249 oeulos
512 1185 612 1268 longo
637 1205 752 1268 querar
775 1207 848 1250 aere
872 1183 969 1250 ui'noi.

86 1271 194 1349 Quid?
217 1273 246 1338 si
268 1272 404 1338 militiae
426 1273 493 1337 iam
515 1276 557 1351 te,
581 1294 663 1357 puer
676 1273 795 1357 inclite,
817 1273 942 1358 primae
979 1327 984 1334 .

87 1360 186 1427 Olera
208 1361 392 1426 rudimenta
415 1365 448 1426 et
471 1364 653 1426 castromm
677 1361 769 1426 dulce
792 1366 924 1428 necersi

85 1450 291 1535 Auspicium·
311 1454 433 1533 quanto
457 1454 629 1514 manarent
651 1450 771 1535 gaudia
793 1448 871 1514 fletu
1122 1468 1155 1516 10

86 1537 218 1615 Quosne
242 1539 353 1604 darem
377 1540 557 1624 amplexus!
582 1539 681 1604 etiam
698 1538 779 1604 haee
804 1540 945 1623 optanda
963 1541 1153 1625 propinquis

86 1627 231 1693 Tristia?
254 1630 287 1692 et
309 1631 444 1693 octonos
467 1627 518 1691 bis
542 1628 608 1692 iam
631 1628 692 1692 tibi
711 1627 824 1692 circuit
846 1629 941 1693 orbes

83 1715 174 1799 Uita,
197 1718 255 1796 sed
277 1717 426 1802 angustis
450 1717 577 1782 animus
601 1717 767 1782 robustior
790 1717 884 1781 annis

85 1804 316 1890 Inoumbitque
339 1807 439 1888 oneri,
462 1808 495 1869 et
516 1810 660 1870 mentem
684 1827 743 1870 sua
766 1826 834 1870 non
857 1804 944 1890 oapit
967 1809 1066 1870 aetas.

85 1893 156 1958 Nee
180 1895 312 1958 mirum:
335 1915 403 1959 non
426 1896 458 1959 te
483 1893 581 1959 series
604 1893 767 1959 inhonora
789 1897 960 1979 parentum
1122 1912 1154 1960 15

85 1982 423 2067 Obscurumproauis
447 1987 481 2048 et
502 1984 627 2067 priseae
650 1984 733 2048 lueis
756 1987 906 2069 egentem

88 2071 223 2137 Plebeia
245 2072 285 2136 de
309 2072 409 2156 stirpe
431 2072 520 2156 tulit3
542 2094 609 2138 non
633 2072 791 2159 sanguine
814 2076 921 2136 cretus
1041 2141 1044 2145 ,

86 2161 235 2226 'Iurmali
255 2161 435 2245 trabeaque
458 2158 561 2244 Remi,
583 2183 643 2226 neo
666 2181 807 2245 paupere
831 2160 922 2226 clauo

87 2250 275 2335 Angustam
298 2250 407 2314 sedem
430 2252 464 2314 et
485 2248 574 2313 Latii
595 2250 760 2334 penetrale
784 2253 915 2314 senatus

86 2339 227 2403 Aduena
244 2338 392 2423 pulsasti,
416 2338 473 2403 sed
495 2338 707 2422 praecedente
729 2341 859 2403 tuorum
1123 2354 1157 2404 20

86 2427 240 2513 Agmine.
285 2426 435 2492 Romulei
458 2427 563 2512 qualis
585 2448 644 2511 per
665 2426 778 2512 iugera
801 2427 886 2511 eirei,

88 2514 173 2580 Cum
195 2516 330 2601 puloher
351 2517 425 2582 uisu
448 2523 478 2581 et
497 2516 601 2580 titulis
625 2536 801 2601 generosus
826 2516 921 2579 sultis

84 2604 288 2689 Exspectatur
310 2626 421 2691 equus,
443 2605 534 2670 euius
557 2604 595 2667 de
619 2606 790 2668 stemmate
812 2605 911 2688 longo

86 2692 179 2758 Felix
202 2695 353 2759 emerItos
376 2693 475 2758 habet
498 2692 679 2757 admissura
701 2695 860 2775 parentes,

160 2955 196 3009 Π.
222 2956 347 3011 Titulum
368 2972 403 3011 eor
424 2960 447 3009 A
470 2962 488 3008 0
512 2953 616 3023 (Uectii
638 2959 674 3009 A:
697 2953 780 3009 erti
802 2956 829 3022 0)
856 2956 948 3027 dedit!
970 2963 983 3010 1
1004 2957 1109 3027 tegetis
1129 2963 1158 3010 0:

87 3026 188 3095 tageni
206 3031 225 3081 ς
244 3030 313 3097 ele
332 3026 382 3081 Set
400 3026 574 3082 Gronouius:
587 3026 625 3081 at
642 3032 661 3078 0
679 3028 750 3095 0114
768 3028 866 3095 guttae
886 3028 992 3083 Morbi.
1005 3029 1045 3097 117
1065 3029 1160 3083 oeulos

88 3101 111 3150 A
136 3102 167 3151 c:
192 3098 280 3152 oeulis
304 3103 322 3153 ς
349 3100 360 3167 ΙΙ
386 3104 403 3153 8
427 3097 500 3164 Quid
518 3102 541 3151 A
559 3103 590 3151 0:
614 3096 727 3166 qnod&
754 3098 765 3165 ΙΙ
793 3103 825 3151 11
850 3096 936 3152 etiam
953 3099 1024 3153 haee
1047 3101 1160 3167 scripsi:

86 3166 179 3222 etiam
200 3185 236 3223 ne
258 3173 282 3222 A
305 3175 322 3222 0
342 3170 347 3240 Ι
366 3168 532 3239 propiaquis
551 3172 583 3223 5:
605 3167 757 3237 propinqui
776 3173 793 3220 0
812 3186 829 3220 e
846 3170 856 3237 ΙΙ
876 3175 908 3222 12
928 3171 957 3224 et
976 3173 1007 3223 5:
1028 3172 1061 3223 ut
1079 3174 1097 3220 0
1116 3188 1133 3223 a
1151 3170 1160 3235 ll

89 3243 125 3291 14
150 3238 369 3310 Suoenmbitque
392 3244 409 3291 0
432 3257 463 3306 ι,
486 3240 601 3297 eorrexs'.
624 3244 711 3293 totam
728 3254 838 3293 weron
860 3240 911 3294 del.
930 3239 1070 3293 Bastiae
1091 3244 1101 3309 ΙΙ
1125 3246 1158 3293 18

89 3310 171 3365 trabe
194 3326 228 3365 ao
249 3309 335 3366 remis
358 3313 388 3366 et
410 3315 433 3364 A
454 3311 591 3379 trabeque
613 3326 648 3364 so
664 3309 750 3364 remis
769 3312 798 3364 et
816 3314 847 3379 0,
865 3325 935 3365 corr.
954 3309 1070 3378 Lipsius
1092 3313 1102 3379 ΙΙ
1125 3317 1158 3365 21

78 3384 208 3435 'munera
224 3398 292 3507 gres
309 3382 416 3437 Markl.
430 3383 441 3451 ΙΙ
454 3386 488 3436 22
512 3383 542 3436 et
562 3380 710 3435 Hes‘aoa‘us:
733 3396 784 3435 om.
808 3386 825 3433 0
848 3398 866 3433 a
882 3381 892 3449 ΙΙ
911 3385 946 3433 24
966 3380 1117 3436 demeribos
1135 3386 1159 3435 A

89 3455 117 3519 0,
135 3467 206 3508 corr.
251 3454 376 3509 aeetias
