2517 3925
440 230 626 287 SILUARUM
646 232 677 289 L.
696 232 732 301 Il,
751 240 775 289 2.

81 376 205 442 Pieriis
229 397 367 462 aequare
390 376 504 442 modis.
549 376 604 442 uix
627 377 741 443 ordine
764 378 863 465 longo

81 466 244 531 Snfieoere
266 465 362 549 oculi,
383 466 448 550 uix,
470 465 547 529 dum
569 486 628 549 per
651 466 783 551 singula
805 467 917 553 ducor,

82 554 245 620 Suffeeere
268 554 397 639 gradus.
443 576 527 638 quae
548 576 657 619 rerum
678 556 789 621 turbat
812 557 918 621 looine

80 643 255 730 [ngenium
279 664 323 709 an
345 642 465 709 domini
487 642 586 708 mirer
607 643 720 727 prius?
742 644 823 709 haee
845 645 961 711 domus
984 648 1075 712 ortus
1117 663 1152 713 45

79 733 210 818 Aspicit
233 734 266 795 et
287 730 410 797 Phoebi
432 734 581 797 tenerum
603 732 712 816 iubar3
734 733 794 799 illa
815 726 985 799 uadentem

78 819 216 887 Detinet
240 824 449 905 exactamque
470 824 573 906 negat
594 821 758 886 dimittere
780 822 895 908 lusam,

80 908 163 975 uum
185 910 254 974 iam
276 909 364 975 fessa
386 910 455 974 dies
477 912 512 974 et
532 910 568 973 in
591 930 734 995 aequora
754 912 877 976 montis
899 914 993 995 opaci

80 998 207 1064 Umbra
231 998 318 1063 eadit
339 998 509 1082 uitreoque
529 1001 648 1063 natant
668 1000 832 1083 praetoria
854 1005 965 1084 ponto.

80 1086 170 1153 Haeo
193 1086 304 1172 pelagi
327 1086 468 1153 elamore
486 1086 641 1177 hamunt,
663 1087 744 1153 haee
765 1091 853 1153 teeta
877 1108 1014 1154 sonoros
1116 1104 1152 1155 eo

79 1176 240 1261 ignorant
262 1175 377 1241 fluetus
399 1178 568 1261 terraeque
592 1176 724 1242 silentia
745 1177 881 1242 malunt

80 1264 140 1329 His
163 1264 249 1331 fauit
270 1268 389 1330 natura
410 1264 500 1347 loeis,
521 1264 574 1329 his
595 1264 686 1329 uitta
707 1266 828 1331 colenti

83 1352 192 1419 Cessit
214 1355 401 1439 etignotos
425 1353 539 1418 doeilis
561 1354 748 1418 mansueuit
768 1355 804 1419 in
823 1376 912 1420 usus.

81 1442 175 1508 Mons
200 1446 271 1507 erat
292 1442 355 1527 hie,
375 1442 434 1507 uhi
455 1442 555 1526 plana
577 1440 681 1526 uides,
707 1446 741 1507 et
762 1444 866 1508 lustra
888 1444 1029 1529 fuerunt,

82 1530 170 1607 Quae
189 1552 277 1596 nune
295 1534 383 1595 teeta
400 1530 503 1615 suhis3
525 1531 583 1596 ubi
599 1552 688 1595 nune
705 1550 840 1598 nemora
852 1532 954 1597 ardua
970 1533 1085 1618 oernis,
1116 1548 1151 1599 56

82 1619 145 1685 Hie
166 1642 228 1685 nee
250 1622 339 1684 terra
360 1619 433 1685 fuit.
478 1619 604 1686 domuit
625 1640 804 1705 possessor,
826 1621 975 1691 stillum

81 1707 293 1773 Formantem
314 1724 411 1792 rupes
436 1712 738 1794 expugnantemque
761 1713 873 1774 seonta

81 1796 211 1862 Gaudet
233 1797 360 1863 humus.
404 1818 490 1863 nune
513 1818 608 1863 eerne
629 1798 743 1883 iugum
765 1797 924 1862 discentia
945 1820 1025 1863 saxa

80 1885 310 1972 intrantesque
333 1886 444 1953 domos
466 1886 654 1972 iussumque
674 1886 823 1951 recedere
845 1889 997 1951 montem.

80 1975 153 2040 lam
175 1975 398 2061 Methymnaei
420 1977 506 2041 uatis
528 1997 646 2041 manus
669 1979 702 2040 et
724 1976 836 2060 ehelys
857 1975 917 2041 illa
1117 1992 1152 2042 ao

81 2063 225 2133 Thebais
249 2069 282 2130 et
304 2063 410 2130 Getici
432 2065 526 2131 eadat
547 2065 609 2130 tibi
632 2065 737 2151 gloria
759 2065 888 2149 pleetri:

80 2153 125 2218 Et
147 2157 185 2219 tu
208 2174 287 2218 saxa
308 2175 429 2239 moues,
453 2157 541 2218 etta
563 2175 699 2219 nemora
721 2155 789 2218 alta
811 2156 974 2219 secuntur.

83 2242 167 2319 Quid
189 2243 329 2308 referam
351 2246 477 2308 ueteres
499 2262 654 2327 ueraeque
682 2243 830 2329 aerisque
852 2242 995 2328 figuras?

83 2330 116 2396 Si
140 2331 218 2417 quid
239 2332 368 2415 Apellei
391 2331 535 2418 gaudent
557 2331 719 2397 animasse
742 2333 876 2411 oolores,

84 2419 117 2485 Si
142 2420 220 2505 quid
244 2421 348 2486 adhue
370 2443 481 2505 uacua,
503 2423 614 2485 tamen
638 2420 837 2505 admirabile,
859 2419 936 2485 Pisa
1117 2435 1151 2486 aa

83 2508 256 2574 Phidiacae
278 2529 386 2575 rasere
409 2531 534 2592 manus,
556 2508 643 2594 quod
665 2509 707 2573 ab
730 2512 800 2574 arte
822 2507 970 2593 Myronis

83 2596 151 2662 Aut
172 2596 357 2682 Polycleteo
380 2599 503 2663 iussum
525 2601 576 2662 est
598 2597 685 2682 quod
707 2598 817 2662 uiuere
840 2597 940 2681 eaelo,

84 2686 233 2771 Aeraque
257 2687 299 2751 ab
321 2686 505 2752 Isthmiacis
528 2707 607 2752 auro
632 2687 760 2770 potiora
781 2685 917 2770 fauillis,

84 2773 148 2840 Ora
169 2775 288 2840 dueum
302 2795 349 2840 lae
371 2779 483 2840 uatum
506 2775 754 2861 sapientumque
776 2797 835 2840 ora
857 2775 1013 2860 priorum,

85 2863 172 2939 Quos
194 2863 258 2929 tibi
281 2885 358 2929 eura
381 2864 481 2948 sequi,
503 2884 585 2948 quos
608 2867 680 2929 toto
702 2868 831 2948 pectore
855 2863 965 2948 sentis,
1117 2879 1151 2930 70
1188 2865 1193 2872 ’

82 2950 209 3037 Expers
233 2973 383 3018 aurarum
405 2957 502 3038 atque
526 2953 671 3018 animum
693 2953 815 3018 uirtute
838 2953 947 3038 quieta

83 3039 292 3125 Oompositus
316 3061 503 3126 semperque
525 3045 610 3106 tuus.
657 3041 734 3127 quid
756 3042 844 3107 mille
866 3041 1036 3107 reuoluam

151 3367 187 3416 44
205 3359 298 3416 looine
316 3363 351 3414 A:
374 3359 465 3415 loeiue
484 3364 501 3411 c
519 3360 529 3429 fl
546 3364 582 3414 46
600 3358 742 3428 Prospieit
759 3359 889 3426 Marti!
907 3363 942 3412 60
960 3355 1011 3410 illa
1030 3355 1151 3411 Marti..-

82 3449 135 3488 una
154 3438 171 3485 c
190 3450 209 3485 a
225 3431 276 3486 uni
293 3431 464 3486 detruderes
481 3432 491 3499 l
510 3434 543 3486 65
564 3428 594 3485 ai
607 3430 676 3499 quid
689 3429 855 3498 Olympiaeu
872 3429 965 3482 famae
983 3425 1150 3481 admirabile

84 3503 186 3560 Morti.
202 3504 212 3572 ΙΙ
226 3508 260 3558 69
279 3518 313 3558 ao
331 3507 362 3556 οε
381 3503 410 3557 et
429 3507 446 3556 ς
466 3503 551 3571 null
571 3501 718 3555 turbarum
737 3499 843 3553 Markl.
