2517 3925
129 214 173 277 34
471 211 501 265 P.
520 210 661 265 PAPINII
679 210 800 265 STATII

91 357 202 422 11Iure
224 357 345 441 pavent
368 355 465 438 aliae;
490 356 547 419 sed
568 356 622 421 vix
647 376 707 421 sus
729 354 849 439 gaudia
871 355 956 419 celat

88 462 116 501 ⁸0
129 444 257 511 Pelides
286 443 463 526 avidusque
485 465 588 509 novos
611 443 728 509 heroas
752 446 785 507 et
807 465 898 508 arma

129 532 192 598 Vel
214 532 291 597 talis
316 532 435 597 vidisse
459 532 558 615 cupit.
602 530 737 615 Iamque
760 532 845 597 atria
867 532 992 597 fervent
1090 548 1144 597 766

127 620 244 707 Regali
268 620 406 705 strepitu
430 623 464 685 et
485 620 574 704 picto
598 619 811 685 discumbitur
834 624 939 703 estre,

128 707 209 774 Oum
232 712 327 793 pater
350 709 397 773 ire
419 709 510 773 iubet
532 711 627 773 natas
652 707 851 792 comitesque
873 708 1007 792 pudicas

126 796 296 863 Natarum.
342 796 503 881 Subeunt,
525 796 638 881 quales
661 795 824 861 Maeotide
845 797 932 881 ripa,

87 902 113 944 ⁸⁵
128 885 209 952 Oum
233 884 404 969 Scythicas
427 906 562 968 rapuere
585 885 700 950 domos
722 888 755 949 et
777 888 873 969 capta
895 884 1051 950 Getarum

126 973 271 1057 Moenia,
294 974 447 1058 sepositis
471 974 644 1057 epulantur
666 971 848 1038 Amazones
872 974 980 1038 armis.
1089 990 1142 1041 760

126 1062 212 1128 Tum
234 1084 311 1128 vero
334 1063 481 1127 intentus
503 1062 614 1127 uultus
638 1083 675 1125 ac
697 1066 833 1145 pectora
854 1061 967 1127 Ulixes

125 1150 290 1217 Perlibrat
312 1150 398 1215 visu:
422 1150 478 1215 sed
500 1172 565 1215 nox
588 1150 753 1234 inlataque
775 1150 895 1215 fallunt

125 1239 264 1303 Lumina
292 1241 326 1302 et
347 1237 508 1321 extemplo
532 1237 633 1303 latuit
656 1260 808 1303 mensura
829 1239 1001 1303 iacentum.

85 1346 112 1385 90
125 1329 171 1391 At
193 1331 304 1391 tamen
325 1329 532 1409 erectumque
555 1346 656 1410 genas
679 1327 844 1410 oculisque
866 1329 1041 1411 vagantem

124 1414 288 1498 Nullaque
311 1414 450 1496 virginei
474 1417 656 1479 servantem
679 1415 775 1499 signa
796 1415 930 1498 pudoris
1087 1431 1140 1481 766

123 1502 248 1587 Defigit
271 1502 447 1587 comitique
469 1501 603 1587 obliquo
626 1503 748 1567 lumine
771 1506 942 1574 monstrat.

124 1590 229 1667 Quid?
251 1591 316 1655 nisi
338 1590 549 1675 praecipitem
571 1590 692 1657 blando
716 1592 884 1675 complexa
905 1596 1052 1657 moneret

122 1679 294 1745 Deidamia
318 1680 391 1743 sinu
413 1679 599 1763 nudataque
621 1682 756 1763 pectora
779 1701 907 1763 semper

84 1786 110 1825 9⁵
123 1766 343 1850 Exsertasquc
366 1790 482 1833 manus
505 1789 698 1851 umerosque
720 1768 756 1831 in
779 1772 870 1833 reste
893 1771 1030 1852 teneret,

122 1855 168 1920 Et
189 1856 319 1940 prodire
342 1856 422 1921 toris
447 1858 479 1919 et
501 1877 634 1939 poscere
656 1856 734 1921 vina
756 1859 883 1922 vetaret
1084 1873 1138 1923 770

124 1942 273 2029 Saepius,
296 1948 329 2009 et
351 1944 453 2010 fronti
477 1944 597 2010 crinale
619 1947 792 2029 reponeret
813 1946 950 2010 aurum?

124 2032 301 2118 [Argolicis
326 2033 461 2099 ducibus
485 2033 549 2098 iam
572 2036 651 2098 tunc
673 2034 834 2117 patuisset
856 2034 1023 2115 Achilles]

211 2121 257 2186 Ut
279 2120 411 2205 placata
433 2122 535 2186 fames
559 2122 663 2206 epulis
687 2122 738 2186 bis
760 2125 875 2207 terque
896 2123 1050 2207 repostis,

68 2226 108 2265 100
122 2208 192 2274 Rex
214 2209 303 2292 prior
326 2210 512 2294 adloquitur
528 2209 715 2294 paterisque
733 2209 884 2275 hortatur
901 2210 1060 2277 Achivos:

122 2296 268 2361 ‘invideo
291 2298 423 2382 vestris,
445 2298 564 2380 fatcor,
588 2298 705 2363 decora
727 2298 840 2363 inclita
862 2300 971 2384 gentis
1083 2316 1138 2366 776
1253 2344 1254 2373 ;

121 2382 307 2469 Argolicae,
331 2386 468 2469 coeptis:
491 2386 618 2450 utinam
642 2389 675 2450 et
698 2387 780 2451 mihi
800 2386 919 2452 fortior
943 2391 1047 2474 aetas,

192 2612 405 2668 ‘153uersuain
424 2611 459 2664 θ’
477 2615 603 2666 contestu
617 2628 677 2681 oen„
695 2629 780 2682 muru.
800 2613 837 2667 al.
856 2630 890 2669 m.
910 2615 1023 2670 addace
1042 2615 1047 2682 Ι
1069 2614 1135 2670 Iure
1252 2640 1253 2653 ¹

120 2683 197 2738 codd.
221 2685 264 2738 Ire
279 2682 449 2738 Sctrodcraa
467 2683 535 2737 Inde
549 2683 734 2738 Bactreesias
749 2686 753 2749 Ι
769 2682 817 2738 vix
835 2699 886 2738 sua
904 2685 972 2736 0⁰⁹
992 2687 1037 2751 (ut
1049 2700 1137 2740 eneces

120 2755 206 2808 dotat
215 2753 397 2821 detrusimus)
414 2753 461 2808 vix
478 2770 553 2810 nova
570 2759 665 2806 PM
680 2755 686 2822 Ι
701 2754 795 2808 differt
804 2753 996 2824 Schrademst
1011 2761 1062 2810 764
1076 2756 1137 2810 avi·

119 2823 224 2892 desque
242 2825 351 2894 Ρ11756
365 2825 549 2879 discumbitur
566 2824 646 2879 aulro
664 2831 685 2877 1³
701 2827 705 2893 Ι
722 2829 773 2879 760
792 2825 945 2894 suppositis
963 2827 1040 2882 codd.
1051 2843 1136 2894 prae·

118 2915 158 2965 ter
170 2911 249 2965 Laid.
268 2913 317 2980 qui
335 2913 449 2980 praebet
465 2930 479 2966 s
484 2912 519 2984 ld
526 2912 668 2982 :positis;
696 2911 826 2982 sepositis
855 2913 1007 2968 mesdavit
1031 2913 1135 2970 Schra-

118 2981 199 3036 deras
221 2982 231 3051 l
255 2988 305 3036 761
325 2981 448 3038 intentos
466 2986 551 3052 Pro}
577 2989 628 3038 762
658 2984 836 3039 PerlibratP
862 2983 989 3038 Perlibat
1006 2989 1042 3036 Po
1069 2984 1135 3040 Per-

116 3051 243 3124 libassld²
265 3052 410 3108 Praclibat
427 3058 454 3107 1
467 3056 477 3124 t
491 3059 542 3108 763
560 3054 735 3108 iacentum?
757 3052 876 3109 iacentis
894 3055 996 3123 oderit
1010 3058 1061 3110 766
1081 3073 1134 3124 pu-

118 3122 329 3194 doreisrll‘lt?
352 3140 445 3180 uersus
462 3125 511 3179 too
529 3125 586 3179 loco
604 3126 666 3178 iat
694 3126 810 3180 omasus
826 3126 899 3180 ieter
916 3141 940 3180 o.
960 3129 1016 3180 770
1034 3130 1060 3179 et
1078 3130 1132 3183 771

116 3194 236 3248 insertas
253 3199 291 3248 est
316 3196 320 3263 Ι
349 3194 460 3261 Quies
483 3194 564 3259 Quod
586 3199 613 3248 1
637 3195 726 3261 Quem
748 3203 762 3249 t
785 3196 846 3262 ῥῶ
876 3197 921 3262 (in
941 3200 1011 3262 raa.)
1033 3194 1135 3269 Leidss

118 3269 169 3320 768
188 3267 318 3334 tempora
330 3271 350 3317 Ρ
364 3267 373 3334 ΙΙ
388 3272 439 3320 772
457 3280 564 3319 uersam
581 3267 631 3336 qai
647 3267 719 3322 deest
736 3268 768 3321 in
785 3272 819 3334 1²,
837 3268 869 3323 in
886 3271 921 3320 1²0
929 3266 964 3319 θ’
979 3267 1075 3335 prim
1087 3285 1134 3335 na,

116 3349 202 3404 mury.
221 3349 270 3389 seo.
293 3351 328 3390 m.
352 3337 478 3400 additam,
503 3336 536 3387 ia
561 3337 654 3391 ceteris
671 3339 825 3404 invenitur,
847 3339 928 3393 umis
949 3337 1053 3392 inclusi
1073 3355 1133 3393 mse

116 3404 439 3527 gapoegntcrpwwthloacn
458 3410 508 3460 776
534 3403 643 3460 utinam
666 3410 696 3461 ct
718 3408 789 3462 mihi
806 3413 893 3460 ruod
921 3406 1133 3480 utinamlllmihi

179 3489 198 3524 u
241 3489 287 3526 am
306 3490 345 3526 mr
368 3475 374 3486 '
394 3480 421 3526 Π
