2517 3925
445 234 633 290 snunaun
651 235 681 290 n.
701 237 736 307 11,
756 241 780 294 a.

234 379 280 446 Et
302 383 431 466 gratum
454 381 672 466 popularitate
694 380 859 466 Magnum.

235 469 284 533 Tu
306 470 467 534 Pelusiaci
490 470 595 534 scelus
619 468 747 554 Canopi
827 491 830 496 ·

234 556 377 623 Deflebis
400 559 473 643 pius
497 562 530 622 et
551 557 660 624 Pharo
683 564 817 624 cruenta

234 646 391 731 Pompeio
414 647 506 712 dabis
530 648 628 712 altius
653 648 844 731 sepulcrum.

232 735 323 801 Haeo
345 736 451 820 primo
474 736 600 800 iuuenis
624 757 721 800 canes
746 737 806 802 sub
830 759 919 822 aeuo,

233 825 320 889 Ante
344 845 445 890 annos
469 825 579 890 culicis
603 823 796 890 Maroniani.

235 911 335 978 Oedet
356 912 452 978 Musa
474 913 563 979 rudis
586 913 704 979 ferocis
727 914 817 979 Enni

232 999 278 1066 Et
300 1001 388 1067 docti
408 1003 501 1066 furor
522 1001 641 1067 arduus
664 1003 804 1086 Lucreti,

233 1089 279 1154 Et
301 1090 356 1176 qui
378 1111 437 1176 per
459 1090 544 1156 freta
566 1090 659 1156 duxit
680 1089 899 1176 Argonautas,

232 1178 277 1244 Et
300 1180 355 1264 qui
378 1200 515 1263 corpora
535 1180 643 1264 prima
665 1179 883 1265 transfigmat.

233 1266 319 1343 Quin
342 1267 447 1332 maius
466 1269 593 1353 loquar:
616 1268 689 1352 ipsa
711 1271 744 1332 te
767 1267 896 1334 Latinis

233 1355 351 1421 Aeneis
374 1357 582 1435 uenerabitur
605 1359 784 1421 canentem.

231 1443 301 1510 Nec
323 1446 430 1511 solum
453 1444 537 1510 dabo
561 1446 740 1511 carminum
762 1446 910 1530 nitorem,

233 1530 295 1599 Sed
316 1533 421 1598 taedis
444 1533 628 1619 genialibus
653 1534 766 1600 dicabo

201 1695 205 1700 A
231 1621 372 1688 Doctam
395 1625 492 1707 atque
515 1623 647 1708 ingenio
670 1626 727 1688 tuo
750 1623 900 1688 decoram

230 1710 358 1796 Forma,
381 1712 598 1796 simplicitate,
622 1713 784 1796 comitate,

232 1798 352 1883 Censu,
376 1801 543 1884 sanguine,
567 1802 684 1886 gratia,
707 1801 825 1885 lepore,

231 1887 366 1965 Qualem
388 1888 509 1953 blanda
531 1887 643 1954 Uenus
667 1889 820 1975 daretque
842 1886 939 1971 Iun03

229 1977 275 2042 Et
298 1981 423 2043 uestros
446 1978 652 2063 hymenaeon
675 1982 751 2044 ante
774 1981 884 2062 postes

229 2066 337 2132 Fastis
360 2067 510 2133 cantibus
531 2068 605 2151 ipsa
627 2067 818 2151 personabo.

231 2155 258 2221 O
282 2177 397 2221 saeuae
420 2156 557 2220 nimium
582 2176 762 2241 manesque
785 2156 920 2220 Parcae!

229 2243 258 2310 Ο
280 2266 458 2330 numquam
480 2245 558 2309 data
580 2246 681 2330 longa
703 2245 774 2309 fata
797 2244 946 2310 summis!

231 2331 298 2398 Gur
318 2334 402 2418 plus,
424 2334 535 2418 ardua,
558 2333 686 2398 casibus
709 2332 852 2417 patetis?

233 2420 298 2487 Our
314 2444 421 2487 saeua
442 2422 513 2487 uice
536 2443 657 2507 magna
679 2444 747 2487 non
770 2420 965 2487 senescunt?

231 2509 283 2577 Sic
305 2514 419 2575 natum
441 2510 636 2576 Nasamonii
659 2510 817 2576 Tonantis

228 2599 310 2664 Post
332 2603 422 2665 ortus
446 2600 617 2683 obitusque
640 2598 830 2666 fulminatos

229 2690 378 2772 Angusto
402 2687 555 2772 Babylon
578 2689 699 2771 premit
722 2689 879 2773 sepulcro.
1102 2703 1136 2754 95

232 2776 285 2842 Sic
307 2777 407 2842 fixum
429 2776 557 2842 Paridis
580 2798 679 2841 manu
703 2778 870 2841 trementis

71 2919 280 2930 —-—————.

140 3008 173 3059 69
192 3021 310 3085 granum
328 3006 419 3074 1·l⁷3
438 3005 618 3075 sepulchrum
636 3007 762 3074 (tumque
781 3010 824 3074 95,
842 3020 899 3060 oon
918 3010 969 3059 103
993 3010 1019 3059 et
1037 3008 1098 3075 110)
1117 3012 1137 3058 1.

71 3075 79 3143 1!
96 3079 129 3129 ts
148 3074 222 3141 Qum
242 3079 273 3130 s:
298 3074 371 3141 Quid
390 3082 407 3127 0
426 3093 443 3129 a
460 3076 617 3145 alloquar
634 3082 667 3131 L:
685 3078 787 3145 loquor
805 3082 823 3128 0
841 3076 954 3147 etipse
972 3078 1136 3145 1dlllltfff·

72 3145 151 3200 minis
172 3144 252 3200 Dom.
271 3148 282 3216 fl
300 3152 334 3201 82
353 3147 524 3217 genitalibus
546 3152 564 3198 0
582 3165 600 3202 a
616 3148 708 3217 1:1183
732 3146 878 3216 ingenituo
900 3153 920 3199 1.
939 3150 948 3217 ΙΙ
967 3154 1009 3202 86.
1035 3153 1078 3201 84.
1102 3152 1136 3201 85

69 3221 175 3283 ponae
197 3222 215 3268 0
238 3236 255 3270 a
276 3222 311 3286 Ιι,
332 3220 437 3274 traieci.
456 3224 608 3286 praecincte
629 3234 664 3273 ca
682 3224 765 3288 parte
787 3217 920 3273 (leuando
939 3223 987 3284 84,
1007 3223 1041 3272 85
1061 3218 1138 3272 emoti

75 3286 173 3343 Marti
192 3288 254 3356 1180
273 3289 368 3358 lepore
386 3289 622 3359 Lindenbroqc'ue:
646 3289 747 3345 decors
765 3295 783 3341 0
802 3308 819 3341 a
836 3294 856 3340 1.
874 3290 884 3358 ΙΙ
901 3293 935 3343 87
954 3302 1092 3357 ymeueon
1112 3292 1137 3342 et

73 3362 148 3428 potes
167 3362 206 3426 Ξ
227 3362 319 3426 (aueo
339 3362 353 3414 t
375 3360 440 3427 litt.)
461 3363 553 3431 1.le
572 3378 604 3429 q;
627 3376 662 3415 ea
685 3376 753 3417 corr.
777 3362 877 3429 Luco
899 3374 999 3426 numq:
1020 3362 1042 3410 1.
1078 3356 1137 3414 lata

75 3428 1043 3502 szlacaecnusasicnatumsazSignatumonuoap'oo
1090 3434 1136 3484 sn

74 3501 82 3572 {l
98 3508 129 3557 86
143 3500 289 3558 tremmlis
308 3502 381 3556 cdd:
397 3502 549 3571 prementis
567 3506 591 3557 Δ
609 3507 626 3553 0
645 3507 665 3553 Ι.
683 3500 823 3573 trementi¹
835 3499 939 3554 Morbi.
