2517 3925
421 213 610 271 anulinum
627 216 660 270 L.
678 215 727 284 111,
747 221 771 272 ἓ.
1096 218 1138 283 75

65 343 249 440 Praenatet,
272 363 306 424 et
327 360 446 425 subitis
468 360 526 445 qui
545 359 686 444 perdidit
706 361 843 447 inguina
864 363 1018 428 monstris

63 444 205 512 Glaueus
223 447 329 513 adhue
351 448 465 532 patriis
489 449 641 533 quotiens
665 450 820 516 allabitur
842 451 908 516 oris

61 533 227 600 Litoream
249 537 371 602 blanda
392 537 511 602 feriens
534 537 735 604 Anthedona
756 539 869 604 aenda

61 622 111 687 Tu
135 626 247 689 tamen
270 629 347 690 ante
370 647 493 710 omnes,
515 625 592 690 dina
613 648 688 692 eum
710 631 817 693 matre
837 626 1025 712 Palaemon,
1113 631 1120 644 '

60 712 193 797 Annua,
217 714 246 778 si
268 717 395 779 uestras
417 736 509 779 amor
531 719 582 779 eet
602 715 686 780 mihi
707 716 850 801 pandere
872 715 1011 802 Thebas,

60 798 132 866 Neo
157 823 239 867 cano
263 803 414 888 degeneri
434 802 625 867 Phoebeum
647 803 835 889 Amphiona
856 806 991 888 pleeh‘o.

59 887 103 954 Et
126 894 232 974 pater,
255 891 368 957 Aeolio
391 891 519 976 frangit
540 892 598 976 qui
619 913 747 958 eunome
769 885 895 975 u'entoa,

60 975 121 1042 uui
145 979 231 1043 uarii
252 980 348 1044 flatus
370 981 541 1066 omnisque
563 1002 623 1064 per
645 1001 786 1067 aequora
807 982 901 1066 ponti

60 1063 205 1150 Spiritus
229 1070 324 1153 atque
346 1068 473 1134 hiemes
493 1069 709 1155 nimbosaque
731 1071 844 1136 nubila
867 1075 992 1156 parent,

59 1154 176 1220 Artius
200 1157 327 1222 obiecto
349 1156 479 1222 Borean
500 1157 692 1243 Eurumque
713 1157 900 1244 Notumque

59 1242 175 1309 Monte
198 1249 338 1329 premat:
361 1247 423 1311 soli
445 1245 595 1331 Zephyro
618 1247 663 1311 sit
684 1247 778 1331 eopia
801 1248 892 1332 eaeli,

61 1330 160 1398 Solus
183 1338 263 1419 agat
284 1356 411 1419 puppes
434 1355 640 1418 summaeque
665 1340 853 1421 supernatet
875 1337 978 1402 undas
1007 1416 1013 1426 ,

59 1421 223 1486 Assiduus
245 1424 376 1508 pelag03
405 1423 508 1489 donee
530 1427 588 1488 tua
609 1424 740 1490 turbina
763 1425 855 1491 nullo

59 1508 166 1576 Laesa
187 1510 369 1576 Paratoniis
391 1512 538 1597 amignet
559 1512 696 1578 carbasa
718 1513 820 1598 ripis?

59 1599 232 1664 Audimur.
267 1603 365 1665 nouat
386 1601 456 1685 ipse
478 1604 583 1666 retem
604 1605 786 1687 nautasque
808 1606 975 1668 morantes

59 1686 220 1772 Increpat.
257 1709 329 1754 eane
351 1710 460 1753 meum
481 1689 597 1754 timido
620 1691 686 1754 iam
709 1691 831 1776 frigam
852 1695 967 1774 peetus

60 1775 199 1841 Labitur
221 1780 255 1842 et
275 1798 414 1863 nequeo,
434 1778 584 1863 quamuis
607 1781 719 1848 mouet
742 1779 860 1844 ominis
883 1778 1007 1863 horror,

61 1863 221 1930 Claudere
244 1887 419 1950 suspensos
442 1867 612 1931 oculorum
634 1867 669 1930 in
691 1867 838 1952 margine
861 1866 966 1932 fletus.

60 1952 195 2039 lamque
218 1958 323 2021 ratem
345 1956 442 2021 terris
465 1955 579 2021 diuisit
600 1955 680 2021 fane
704 1956 810 2022 soluto

60 2043 186 2109 Nauita
209 2046 242 2109 et
265 2047 440 2130 angustum
464 2044 580 2111 deiecit
601 2045 638 2109 in
661 2066 802 2130 aequora
823 2047 966 2129 pontem

63 2130 188 2197 Saeuus
213 2136 247 2197 et
269 2154 288 2196 e
308 2134 411 2217 puppi
433 2134 534 2218 longo
557 2134 697 2200 elamore
720 2134 880 2219 magister

61 2219 212 2305 Dissipat
234 2221 403 2306 amplexus
426 2225 525 2307 atque
547 2222 660 2287 osenla
682 2222 747 2287 fida
769 2222 910 2305 reuellit‚

62 2308 129 2374 Neo
152 2310 290 2395 longum
313 2331 389 2375 eara
411 2310 489 2375 lieet
509 2310 545 2375 in
567 2311 694 2375 eeruiee
716 2312 844 2376 morati.

62 2398 220 2463 Attamen
242 2399 278 2462 in
299 2402 403 2463 terras
426 2421 443 2463 e
466 2400 561 2483 plebe
583 2398 782 2465 nouissimus
807 2400 894 2465 omni

62 2486 119 2552 Ibo
142 2508 206 2551 neo
228 2486 376 2572 egrediar
396 2488 462 2552 nisi
484 2488 550 2552 iam
571 2494 711 2554 oaraeate
733 2489 852 2554 casina
1102 2504 1136 2553 eo

63 2574 141 2650 Quis
166 2575 247 2640 rude
268 2575 305 2639 in
328 2576 511 2641 ahsoissum
530 2577 660 2643 miseris
682 2576 903 2643 animantibus
927 2599 1048 2661 aequor

61 2662 152 2729 Feeit
174 2664 239 2727 iter
261 2664 446 2748 solidaeque
469 2665 541 2748 pios
563 2666 690 2731 tellun's
714 2666 861 2731 alumnos
938 2724 941 2729 .

62 2751 198 2836 Expulit
219 2752 255 2816 in
277 2752 393 2818 fluetm
416 2753 597 2839 pelagoque
618 2755 756 2821 immisit
777 2754 883 2819 hianti

62 2840 180 2906 Audax
203 2840 347 2926 ingenii?
370 2862 429 2907 nee
452 2842 541 2907 enim
562 2844 735 2909 tememuia
757 2843 862 2907 uirtus
1092 2895 1095 2901 .

62 2928 121 2993 llla
144 2930 262 3014 magis,
286 2952 430 2996 summae
453 2931 598 3016 gelidum
620 2954 704 3017 quae
726 2929 840 2997 Pelion
863 2929 965 2997 Ossae
1100 2944 1134 2995 eo

62 3017 173 3083 Iunxit
196 3017 467 3105 anhelantemque
489 3020 575 3105 iugis
597 3021 649 3086 bis
672 3020 792 3104 pressit
815 3018 1001 3104 Olympum.
1077 3070 1079 3073 -

131 3264 272 3333 Adponti
294 3262 1131 3333 Halmius.-munditallttatqueazatcastassta

65 3334 154 3391 Laesa
170 3334 321 3390 Heinsius.-
343 3336 504 3391 Laetaea
525 3337 536 3403 fl
558 3341 591 3389 51
611 3340 766 3390 eeeeAu:
789 3334 983 3401 indaaluo
1006 3333 1133 3385 currente

65 3407 314 3461 uirdoeteoeaes'
374 3402 1131 3473 'zomcaoedentessflsslinaeripaisetllal

66 3476 312 3547 abscisumsslsst
354 3477 361 3489 '
399 3475 836 3533 tiSBentleiwthianteeOa
923 3500 926 3503 ·
