2517 3925
97 284 167 320 xvru
443 264 613 321 EDITORIS
633 264 849 320 PRAEFATIO.

100 412 259 497 processit
288 409 419 475 Statius.
465 410 556 475 uerbi
586 411 692 495 gratia
720 411 791 475 silu.
813 409 864 476 III
887 410 917 492 5,
940 412 982 476 48
1013 411 1097 475 inter
1124 410 1173 475 fe·

100 502 205 566 minas
220 500 309 566 domi
329 522 348 564 a
366 500 492 564 maritis
508 522 541 565 se
555 500 684 563 relictas
699 498 844 564 dolentes
859 500 1021 564 habentur
1034 498 1172 584 Aegiale
1247 513 1248 556 3

98 594 132 657 et
154 590 328 674 Meliboea,
356 589 395 653 de
418 611 559 674 quarum
581 589 639 652 illa
661 588 758 672 plane
781 589 943 675 contraria
965 592 1099 653 narrant
1121 588 1170 653 fa-

98 681 208 759 bulae,
237 679 317 743 haec
344 678 439 743 nobis
469 682 555 742 certe
582 678 696 763 ignota
719 681 777 743 est.
823 678 913 743 uides
942 678 1018 763 quid
1040 678 1088 741 rei
1112 678 1171 742 sit:
1247 685 1249 758 ζ

99 792 187 835 mera
215 768 351 833 nomina
378 767 488 852 posuit
516 770 614 851 poeta
641 767 889 851 nominibusque
913 768 1079 850 imponere
1103 769 1172 830 stu·
1247 765 1248 788 ¹

99 859 177 923 duit.
224 862 281 921 aut
308 878 381 921 cum
408 856 587 924 Domitiani
615 878 733 941 equum
766 879 839 921 oum
866 855 1007 922 Troiano
1041 877 1170 939 compa·

98 971 175 1013 rans
198 948 214 1012 Ι
240 948 268 1032 1,
294 947 332 1011 11
358 968 426 1030 sqq.
451 944 616 1009 scriberet:
657 982 664 990 ·

242 1124 323 1177 Hunc
342 1137 432 1189 neque
451 1120 574 1175 discissis
595 1121 733 1190 cepissent
750 1121 888 1189 Pergama
907 1120 1005 1189 muris,

240 1194 300 1248 Neo
318 1208 403 1261 grege
422 1191 561 1261 permixto
579 1192 660 1261 pueri
677 1190 868 1262 innuptaeque
886 1192 1012 1261 puellae,

243 1267 306 1335 Ipso
325 1280 377 1317 neo
396 1261 504 1318 Aeneas
523 1278 575 1317 nco
594 1280 712 1333 magnus
731 1264 845 1319 duceret
862 1263 975 1331 Hector,

100 1452 164 1515 qua
187 1428 253 1513 egit
276 1426 494 1509 festinatione,
518 1426 637 1491 oblitus
661 1429 711 1492 est
729 1425 902 1492 Hectorem
921 1430 992 1491 tum
1013 1429 1171 1512 temporis

100 1516 221 1583 dudum
239 1517 484 1582 intermortuos
503 1512 654 1601 fuisse*)
683 1515 754 1581 aliis
770 1537 898 1602 quoque
918 1516 1072 1581 siluarum
1090 1517 1171 1582 locis

99 1607 220 1689 multis,
244 1605 301 1669 ubi
316 1605 412 1670 altius
427 1604 671 1689 introspicimus
685 1626 788 1690 neque
803 1604 976 1670 uerborum
989 1627 1050 1670 nos
1064 1607 1172 1671 sonitu

100 1696 234 1761 deleniri
266 1694 422 1779 patimur,
453 1696 612 1778 apparatu
644 1694 701 1760 illo
734 1694 954 1779 mythologice
986 1716 1053 1759 non
1084 1699 1171 1759 recte

100 1784 244 1849 adhibito
274 1783 477 1867 offendimur,
506 1782 812 1868 offendebanturque
843 1784 911 1847 sine
935 1782 1032 1848 dubio
1057 1806 1095 1848 ex
1117 1806 1171 1849 ue-

98 1874 221 1938 teribus
245 1874 348 1938 multi.
386 1872 465 1937 haec
489 1872 590 1957 igitur
612 1872 774 1956 patienter
807 1871 941 1936 ferenda
964 1875 1096 1937 suntet
1119 1894 1171 1937 ex·
1247 1877 1248 1946 l

99 1964 241 2028 ousanda
256 1985 294 2027 ex
315 1963 379 2027 ista
394 1961 554 2028 scribendi
569 1961 741 2026 celeritate.
776 1961 949 2046 eademque
963 1963 1172 2048 neglegentia

99 2053 134 2116 in
157 2052 228 2116 aliis
252 2073 378 2137 quoquc
402 2051 512 2135 rebus,
539 2050 678 2115 maxime
706 2073 787 2135 quae
813 2050 854 2116 ad
882 2051 1061 2116 carminum
1085 2074 1170 2118 oom-

99 2140 295 2227 positionem
320 2141 469 2223 attinent,
493 2139 644 2204 cernitur.

188 2228 398 2294 Peruenimus
422 2228 462 2293 ad
486 2227 611 2292 dicendi
635 2248 748 2312 genus,
785 2233 855 2294 erat
879 2227 1003 2294 Statius
1027 2252 1170 2294 summus

100 2341 257 2392 uersuum
282 2317 503 2382 faciendorum
531 2316 656 2381 artifex,
702 2339 740 2382 ex
769 2317 898 2382 assidua
924 2318 1062 2384 lectione
1090 2316 1170 2404 (fere

101 2429 213 2491 omnes
250 2429 330 2492 quos
369 2406 497 2490 quidem
530 2405 681 2470 nouimus
717 2411 831 2490 poetas
863 2406 1030 2473 Romanos
1064 2409 1171 2492 magis

100 2497 249 2562 minusue
281 2499 395 2581 aperta
426 2495 606 2560 imitatione
635 2493 806 2581 expressit)
829 2496 916 2560 bona
943 2499 976 2560 et
1001 2495 1111 2560 indole
1139 2500 1172 2560 et

100 2585 257 2651 memoria
277 2585 403 2650 adiutus
427 2583 460 2648 id
484 2583 654 2650 adsecutus
678 2587 750 2648 erat
768 2587 804 2648 ut
822 2584 912 2649 nullo
930 2584 1041 2649 labore
1060 2607 1172 2649 uersus

101 2675 250 2740 funderet
278 2677 378 2759 utque
406 2673 562 2739 dictiones
581 2673 735 2757 ,poeticas
763 2695 783 2738 a
809 2672 970 2757 prioribus
998 2678 1172 2758 usurpatas

102 2786 169 2830 non
194 2768 362 2849 tamquam
386 2784 506 2847 seruus,
530 2763 585 2828 sed
609 2766 646 2826 ut
668 2783 724 2826 rex
748 2765 844 2846 atque
867 2762 1018 2827 dominus
1041 2763 1076 2826 in
1097 2784 1172 2845 pro-

99 2854 207 2939 prium
240 2852 408 2917 adhiberet
441 2874 543 2916 usum.
594 2851 650 2915 sed
683 2873 755 2916 cum
789 2851 824 2915 in
852 2850 1019 2915 Thebaide
1050 2851 1172 2934 partim

101 2943 195 3027 quasi
219 2941 382 3026 quoddam
401 2944 563 3006 certamen
582 2941 681 3004 iniret
703 2961 776 3005 cum
800 2938 1017 3004 anterioribus
1039 2940 1172 3005 horum·
1247 2968 1248 3021 p

100 3053 161 3118 que
189 3029 276 3094 dicta
304 3031 420 3096 callide
449 3035 482 3095 et
505 3029 678 3094 artificiose
700 3030 896 3113 imitaretur,
924 3029 1044 3112 partim
1067 3050 1172 3094 nouas
1247 3038 1248 3097 ἐ

100 3119 291 3206 procuderet
319 3120 487 3205 dictiones,
516 3121 628 3183 contra
657 3117 692 3181 in
720 3118 812 3182 siluis
839 3119 945 3203 magis
973 3119 1070 3182 tritas
1097 3119 1173 3183 iniit

100 3301 339 3313 -—-—-—-···—

171 3405 196 3473 *)
216 3402 340 3473 procliue
355 3402 398 3456 est
411 3400 660 3456 emendatiunoula
673 3398 771 3469 aliqua
784 3398 855 3454 talia
868 3398 982 3467 tollere3
1001 3398 1091 3453 ueluti
1104 3398 1175 3454 mihi

100 3474 252 3546 aliquando
269 3475 300 3528 in
318 3474 441 3529 mentem
460 3470 541 3526 uenit
557 3471 669 3526 Actoris
688 3488 791 3528 nomen
808 3485 950 3540 reponere.
991 3469 1041 3524 sed
1059 3469 1113 3524 hoc
1131 3472 1175 3524 est
1247 3516 1248 3567 i

99 3549 193 3624 ipsum
212 3545 350 3616 corrigere
367 3543 491 3612 poetam.
