2517 3925
424 214 661 271 saumana.
680 216 701 284 1,
720 220 746 270 2.
1083 218 1125 282 13

58 359 142 424 Uoce
166 355 362 444 (pharetrati
384 380 530 443 pressere
553 359 685 424 silentia
705 357 854 444 fratres):

57 447 142 513 ‘Scis
165 450 212 532 nt,
234 445 367 531 mater',
395 447 442 511 ait
465 447 572 511 ‘nulla
596 448 679 512 mihi
701 448 834 513 dextera
856 449 966 533 segnis
1091 466 1126 515 oo

57 537 188 620 Militia3
212 557 445 620 quemcumque
467 535 637 601 hominum
659 536 832 621 diuumque
855 537 985 621 dedisti,

55 626 175 691 Uritur.
224 628 260 689 at
281 624 444 707 qnondam
466 625 609 691 lacrimis
633 628 666 689 et
688 627 832 710 supplice
854 626 969 690 dextra

56 716 97 780 Et
119 714 209 778 uotis
232 713 445 796 precibusque
468 714 576 777 uirum
598 714 738 779 concede
762 715 895 798 moueri,

57 804 82 868 Ο
104 802 270 888 genetrix:
292 801 373 866 duro
396 823 456 865 nec
479 802 568 867 enim
590 824 629 867 ex
651 803 825 867 adamante
849 803 957 882 creati,

59 891 199 957 sectae
222 890 321 954 tmba
342 912 463 955 smnus¹
508 891 614 957 daras
638 891 678 955 de
701 895 798 975 gente
820 890 939 956 Latina

60 980 115 1044 Est
135 979 276 1062 iuuenis,
299 1000 394 1063 quem
416 978 562 1062 patriciis
585 979 763 1044 maioribus
787 983 896 1044 ortum

58 1067 222 1133 Nobilitas
246 1068 362 1153 ganisa
383 1067 460 1131 tulit
480 1089 704 1153 praesagaque
726 1068 852 1133 formae

58 1156 210 1221 Protinus
234 1178 251 1220 e
274 1159 387 1221 nostro
410 1157 522 1240 posuit
543 1157 739 1241 cognomina
761 1157 861 1221 caelo.

58 1245 151 1310 Hunc
176 1248 307 1331 egomet
328 1247 400 1308 tota
423 1244 591 1329 (quoniam
613 1245 675 1309 tibi
698 1243 804 1331 dulce)
826 1245 981 1328 pharetra

58 1334 230 1419 Improbus
253 1336 287 1397 et
309 1333 410 1397 densa
430 1334 652 1417 trepidantem
674 1334 805 1417 cuspide
827 1334 893 1399 fixi.

60 1422 214 1498 Quamuis
237 1421 396 1486 Ausoniis
418 1424 559 1486 multum
582 1442 685 1506 gener
705 1423 760 1487 ille
782 1424 904 1507 petitus

59 1511 226 1594 Matribus,
249 1511 377 1575 edomui
399 1512 522 1577 uictum
545 1511 760 1596 dominaeque
781 1514 923 1596 potentis

60 1599 289 1684 Ferre'iugum
313 1603 346 1663 et
365 1600 484 1684 longos
506 1600 586 1664 iussi
610 1620 738 1682 sperare
761 1622 954 1683 perennes.

61 1689 117 1754 Ast
139 1688 233 1752 illam
257 1709 383 1752 summa
405 1688 522 1753 leuiter
546 1686 606 1773 (sic
629 1710 771 1772 namque
792 1687 943 1773 iubebas)

61 1776 223 1861 lampade
245 1780 414 1860 parcentes
437 1780 471 1840 et
493 1777 590 1841 inerti
613 1778 802 1841 stiinximus
826 1797 912 1841 arcu.

61 1865 106 1929 Ex
128 1866 187 1930 illo
213 1868 353 1951 quantos
375 1866 503 1930 iuuenis
525 1869 653 1949 premat
675 1866 788 1930 anxius
812 1864 905 1948 ignes

63 1954 167 2020 Testis
191 1975 262 2040 ego,
286 1954 443 2020 attonitus
467 1957 625 2039 quantum
648 1977 701 2019 me
722 1957 818 2020 nocte
840 1952 955 2037 dieque

62 2043 240 2128 Urgentem
262 2043 356 2108 ferat.
394 2043 488 2112 ,haud
510 2043 569 2107 ulli
591 2043 816 2108 uehementior
837 2062 991 2126 umquam

62 2131 204 2217 Incubui,
229 2133 384 2217 genetrix,
406 2133 588 2217 iterataque
611 2132 749 2196 uulnera
770 2131 848 2197 fodi.

62 2219 134 2285 Uidi
158 2241 220 2306 ege
244 2224 278 2285 et
300 2221 419 2285 immiti
441 2221 593 2305 cupidum
616 2222 784 2286 decunure
807 2241 922 2303 campo

64 2309 308 2394 Hippomenem,
330 2330 389 2376 nec
412 2303 459 2375 sic
481 2314 569 2374 mete
590 2310 737 2393 pallebat
758 2310 793 2373 in
815 2310 896 2393 ipsa.

64 2395 135 2462 Uidi
158 2403 192 2462 et
214 2398 369 2482 Abydeni
389 2398 519 2464 iuuenis
541 2399 701 2462 certantia
723 2399 820 2462 remis

65 2483 201 2550 Brachia
222 2486 415 2570 laudunique
438 2509 555 2551 manus
579 2491 612 2550 ct
635 2508 731 2570 saepe
753 2486 881 2551 natanti
1013 2550 1019 2556 .

66 2573 226 2639 Praeluxi:
249 2575 358 2638 minor
380 2575 434 2638 ille
459 2576 634 2659 calorque
657 2595 756 2640 saeua
777 2575 935 2659 tepebant

67 2662 227 2746 Aequora:
248 2667 287 2727 tu
309 2667 444 2747 ueteres,
466 2664 602 2746 iuuenis,
624 2668 847 2747 transgressus
871 2684 1007 2728 amores.

68 2747 132 2834 lpse
156 2772 218 2836 ego
241 2756 274 2815 te
297 2754 408 2816 tantos
433 2753 543 2836 stupui
566 2752 697 2816 durasse
721 2773 778 2835 per
801 2755 911 2816 aestus

68 2836 267 2923 Firmauique
292 2840 419 2905 animos
443 2840 633 2924 blandisque
656 2841 821 2904 madentia
843 2841 962 2922 plumis

68 2925 198 2994 Lumina
221 2927 350 2994 detersi.
396 2930 545 3012 quotiens
569 2929 649 2993 mihi
673 2932 805 3015 questus
829 2929 960 3012 Apollo,

70 3013 113 3082 Sic
135 3023 247 3083 uatem
271 3039 414 3084 maerere
438 3019 545 3084 suum!
574 3017 651 3101 iam,
673 3020 786 3100 mater,
810 3021 936 3082 amatos

131 3323 165 3372 67
186 3314 298 3386 dexlna]
319 3317 420 3384 questu
438 3315 608 3370 sarsurus
627 3317 638 3384 l
660 3321 694 3370 68
713 3314 768 3370 uiri
786 3315 954 3370 Bernartius
976 3316 986 3381 l
1010 3317 1044 3367 ⁷4
1063 3327 1132 3379 quo·

68 3385 136 3442 niam
161 3388 349 3442 Parrhasius:
372 3387 513 3456 quondam
533 3393 551 3437 0
569 3405 586 3440 a
603 3389 660 3456 1182
680 3385 818 3442 attonitus
837 3389 872 3439 A:
897 3384 1019 3438 attonito
1038 3388 1056 3434 0
1074 3385 1133 3451 1184

68 3457 118 3514 lodi
136 3464 160 3514 Δ
179 3465 210 3525 0;
229 3459 324 3540 malim
342 3457 402 3512 fudi
416 3461 425 3526 ΙΙ
439 3465 473 3512 86
490 3458 521 3511 in
539 3458 597 3511 ima
616 3457 722 3510 Markl.
