2517 3925
96 197 139 262 42
460 192 788 251 eruemusuluu

97 342 199 408 Texta
221 342 333 427 legens
355 340 451 407 modo
474 339 614 408 Puniceo
637 339 771 405 uelabat
792 339 927 421 amictu,

96 429 191 496 Nune
214 430 332 495 herbas
355 429 503 495 imitante
527 428 615 513 sinu,
637 449 723 495 nuno
744 428 836 493 dulce
859 428 989 494 rubenti

96 518 230 603 Murice,
253 540 340 584 nuno
362 517 447 586 uiuis
470 517 589 602 digitos
612 516 784 583 incendere
807 517 943 601 gemmis

97 606 277 673 Gaudebat:
301 628 369 673 non
390 606 487 671 turba
509 627 632 690 eomes,
653 626 721 671 non
743 626 880 672 munera
900 608 1042 673 cessant:
1116 620 1171 673 135

97 694 174 762 Sola
196 696 376 761 uerecundo
399 692 491 761 derat
512 697 681 779 praetexta
703 694 819 762 decori

96 784 187 851 Haeo
210 784 342 850 fortuna
364 784 488 851 domus.
525 783 650 849 subitas
673 783 807 849 inimica
827 783 952 851 leuauit
1067 838 1070 845 .

96 873 200 939 Paroa
222 894 345 939 manus.
383 895 463 959 quo,
487 871 574 957 diua,
596 872 685 939 feros
706 871 817 958 grauis
840 872 944 939 exeris
966 874 1114 958 ungues?

97 960 173 1028 Non
195 966 228 1028 te
251 962 356 1028 forma
377 965 502 1045 mouet,
523 982 591 1029 non
613 964 647 1025 te
669 960 877 1028 lacrimabilis
900 961 1013 1026 aetas?
1096 999 1100 1005 -

97 1049 194 1117 Hunc
216 1073 277 1116 neo
300 1072 397 1117 saeua
418 1050 489 1117 uiro
513 1050 676 1135 potuisset
696 1071 829 1134 carpere
851 1049 993 1135 Progne,
1118 1067 1173 1117 140

97 1137 167 1205 Nee
189 1140 259 1204 fera
281 1140 425 1207 crudeles
449 1136 578 1205 Colchis
602 1140 753 1207 durasset
774 1139 810 1205 'm
831 1138 911 1223 irae,

97 1227 214 1293 Editus
238 1226 353 1293 Aeolia
374 1248 434 1293 neo
457 1228 486 1292 si
507 1226 593 1294 foret
614 1228 678 1293 iate
701 1226 834 1313 Oreusa3

98 1316 224 1382 Toruus
248 1317 288 1382 ab
311 1316 374 1381 hoo
395 1315 556 1383 Athamas
578 1317 713 1384 insenos
735 1317 880 1383 flecteret
901 1338 1008 1402 arous3
1037 1362 1041 1368 ›

98 1403 194 1471 Hunc
217 1426 412 1491 quamquam
434 1402 612 1471 Hectoreos
636 1406 759 1471 cineres
782 1404 976 1490 Troiamque
998 1426 1136 1490 perosus

98 1493 255 1560 Turribus
279 1516 297 1558 e
319 1492 472 1577 Phrygiis
493 1494 605 1561 flesset
626 1494 783 1559 missurus
806 1493 928 1560 Ulixes.
1119 1511 1174 1561 145

99 1581 243 1667 Septima
265 1582 329 1666 lux,
352 1586 385 1646 et
406 1582 473 1649 iam
495 1582 650 1667 frigentia
670 1582 795 1649 lumina
816 1586 960 1667 torpent,

98 1671 168 1736 Iam
192 1671 360 1755 complexa
382 1692 482 1737 manu
505 1671 626 1737 crinem
649 1674 739 1737 tenet
760 1671 866 1737 infera
887 1670 980 1754 Iuno.
1011 1681 1015 1687 ’

96 1759 157 1825 Ille
178 1764 303 1844 tamen,
325 1759 436 1825 Parcis
459 1759 591 1845 fragiles
613 1761 804 1845 urgentibus
827 1757 947 1844 annos'

99 1848 144 1914 Te
167 1849 261 1914 uultu
284 1811 440 1951 moriente
463 1848 552 1915 uidet
572 1849 750 1951 linguaque
771 1849 907 1915 cadente

99 1937 327 2022 Murmurat3
317 1940 408 2006 mte
432 1959 544 2004 omues
567 1938 663 2004 uacui
684 1938 752 2004 iam
773 1939 928 2023 pectoris
938 1937 1029 2005 efflat
1121 1953 1175 2006 150

98 1988 295 2113 Relliquias,
309 2029 414 2092 solum
434 2027 586 2094 meminit
608 2029 776 2112 solumque
797 2030 970 2094 uocantem

98 2116 255 2202 Exaudit,
277 2115 402 2200 tibique
425 2139 483 2182 ora
505 2120 629 2200 mouet,
651 2116 716 2183 tibi
737 2116 838 2182 uerba
858 2115 1027 2200 relinquit,

98 2204 143 2270 Et
128 2167 319 2289 tprohibet
340 2205 480 2290 gemitus
504 2206 753 2290 consolaturque
776 2206 947 2272 dolentem

99 2292 238 2359 Gratum
261 2296 324 2378 est,
346 2292 441 2377 Fata,
464 2297 587 2378 tamen,
611 2293 698 2380 quod
720 2315 788 2360 nou
810 2294 1010 2360 merulenta
1031 2292 1173 2358 iacentis

97 2381 216 2447 Exedit
237 2343 360 2466 puerile
383 2344 493 2466 decha
516 2405 692 2468 manesque
714 2383 837 2448 subluit
1119 2397 1175 2448 loo

99 2470 231 2556 Integer
254 2474 287 2536 et
308 2471 398 2537 nullo
421 2474 598 2537 temeratus
621 2493 758 2574 corpora
779 2471 911 2557 damno,

101 2559 211 2637 Qualis
235 2562 313 2624 erat.
350 2559 426 2644 quid
450 2581 510 2645 ego
533 2562 684 2647 exequias
708 2565 743 2626 et
763 2560 902 2646 prodiga
923 2558 1062 2625 flammis
1156 2636 1158 2639 ¹

99 2646 195 2713 Dona
217 2649 334 2733 loquor
355 2652 543 2734 maestoque
567 2650 716 2715 ardentia
736 2649 854 2715 funera
874 2648 973 2714 luxu?

101 2735 193 2813 Quod
215 2736 278 2802 tibi
299 2758 462 2820 purpureo
484 2737 588 2803 tristis
609 2741 702 2803 torus
725 2758 845 2822 aggere
868 2738 982 2820 creuit,

100 2824 193 2902 Quod
217 2823 354 2890 Oilieum
375 2826 485 2910 flores,
508 2827 595 2911 quod
617 2847 753 2891 munera
771 2826 932 2911 graminis
954 2787 1043 2909 Ihdi,
1119 2842 1174 2892 160

99 2912 255 2999 Quodque
278 2914 403 2980 Arabes
426 2913 599 3000 Phariique
622 2914 863 3000 Palaestinique
884 2915 1026 2999 liquores

99 3000 256 3070 Arsurum
279 3003 387 3069 lauare
411 3003 559 3071 comam?
596 3003 687 3088 cupit
709 3004 819 3070 omnia
840 3004 925 3069 ferre

170 3248 1173 3319 lbalegesca‚oorr.3l136deerat021138angueetlall

100 3324 149 3372 143
169 3319 206 3374 ab
224 3319 414 3377 hooMarlrl:
432 3320 537 3375 adhoc
554 3320 650 3376 uelud
668 3321 743 3376 huno
761 3320 952 3375 cadauer·
933 3321 1040 3389 1114
1002 3263 1172 3386 forme

99 3388 250 3444 Hectoreas
268 3389 430 3458 uiresnltS
449 3391 498 3460 loq
498 3404 550 3445 nar
567 3391 712 3446 Acontius
733 3393 743 3460 Ι
767 3397 818 3446 119
836 3393 967 3446 torosa:
986 3406 1071 3459 rogus
1089 3394 1107 3441 ⁰
1125 3407 1144 3442 a
1161 3389 1172 3458 Η

100 3463 150 3512 161
164 3457 372 3530 Palaestinique
390 3460 421 3515 J
441 3409 587 3518 Salienus:
610 3463 740 3532 palam*
725 3481 741 3518 e
759 3461 875 3531 uidique
893 3464 917 3514 Α
936 3466 953 3513 c
