2517 3925
145 211 190 275 44
482 210 513 267 P.
533 208 671 265 PAPINII
689 206 809 263 suern

94 368 134 411 ³⁰⁵
148 356 319 442 Argolicas
344 355 509 441 quaesitus
533 354 592 421 eo.'
639 352 692 420 Sic
716 375 808 421 orsus
831 357 864 418 et
887 354 964 418 alno

146 446 276 515 Insiluit
297 444 490 529 penitusque
512 447 591 510 noto
615 443 771 509 stridente
793 441 985 527 propinquis
1125 458 1160 507 ιο

147 534 319 617 Abripitur
340 534 451 599 terris:
475 535 508 596 et
530 534 597 598 iam
621 532 722 598 ardua
745 532 861 597 ducere
883 532 987 596 nubes
1041 585 1044 589 .

144 621 266 705 Incipit
289 626 322 687 et
344 622 443 707 longo
468 618 586 705 Scyros
611 621 773 686 discedere
796 624 908 704 ponto.

236 710 338 777 Turre
360 710 473 795 procul
496 732 623 775 summa
645 709 790 775 lacrimis
813 709 969 773 comitata
991 728 1142 773 sororum

90 811 133 853 ³1⁰
148 796 428 883 Commissumque
437 802 553 866 tenens
568 803 601 864 et
613 799 790 864 habentem
802 797 937 863 nomina
945 795 1106 879 Pyrrhum

146 887 313 954 Pendebat
335 889 476 953 coniunx
499 888 666 972 oculisque
689 888 726 952 in
747 887 885 952 carbasa
906 885 981 949 fixis
1124 900 1159 948 25

146 976 221 1041 Ibat
244 980 277 1041 et
300 978 372 1060 ipsa
395 976 494 1062 freto,
518 980 551 1041 et
572 998 715 1061 puppem
738 976 806 1041 iam
829 974 899 1040 sola
920 973 1060 1038 videbat.

146 1064 208 1130 Ille
232 1086 359 1149 quoque
383 1065 532 1149 obliquos
557 1064 677 1130 dilecta
699 1065 741 1129 ad
764 1062 895 1128 moenia
918 1062 1026 1126 vultus

146 1152 299 1218 Declinat
322 1154 515 1238 viduamque
539 1154 672 1218 domum
695 1152 899 1238 gemitusque
922 1150 1054 1215 relictae

93 1253 131 1294 ³1⁵
148 1238 294 1326 Cogitat:
318 1242 463 1306 occultus
487 1242 546 1305 sub
571 1242 667 1305 corde
690 1241 870 1305 renascitur
893 1239 988 1303 ardor

146 1327 275 1414 Datque
298 1329 406 1394 locum
429 1330 542 1393 virtus,
589 1328 696 1393 Sentit
719 1329 869 1393 Laertius
891 1327 987 1391 heros
1122 1340 1157 1390 30

145 1415 346 1482 Maerentem
369 1421 402 1481 et
424 1416 561 1499 placidis
580 1417 753 1501 adgressus
776 1417 906 1481 flectere
929 1413 1038 1479 dictis:

148 1503 259 1572 ‘Tene'
287 1506 407 1591 inquit,
431 1504 579 1591 ‘magnae
603 1508 751 1571 vastator
775 1504 884 1569 debite
906 1503 1030 1587 Troiae,

148 1592 250 1669 Quem
272 1594 406 1659 Danaae
430 1595 564 1679 classes,
587 1616 682 1679 quem
706 1594 816 1658 divum
835 1591 966 1657 oracula
987 1593 1142 1675 poscunt,

93 1694 134 1735 ³2⁰
146 1682 365 1767 Erectumque
387 1687 497 1748 manet
520 1685 665 1749 reserato
688 1684 724 1747 in
746 1681 858 1746 limine
881 1680 1017 1763 bellum,

147 1767 275 1836 Callida
297 1771 436 1838 femineo
460 1772 610 1857 genetrix
632 1771 768 1836 violavit
790 1770 911 1835 amictu
1125 1783 1161 1832 es

147 1857 382 1944 Commisitque
404 1860 471 1925 illis
493 1864 562 1925 tam
586 1860 725 1945 grandia
746 1859 835 1923 furta
857 1856 994 1921 latebris
1132 1868 1135 1871 ’

148 1946 359 2034 Speravitque
380 1947 501 2016 fidem?
545 1947 653 2014 Nimis
676 1973 695 2015 o
720 1969 877 2032 suspensa
899 1945 1060 2030 nimisque

146 2035 264 2103 Mater!
289 2060 331 2102 an
353 2037 433 2102 haec
456 2038 558 2104 tacita
579 2037 684 2102 virtus
707 2040 854 2120 torperet
877 2036 912 2099 in
934 2034 1063 2118 umbra,

93 2139 133 2179 ³2⁵
148 2123 237 2200 Quae
260 2127 314 2191 vix
338 2125 449 2191 audito
472 2125 546 2192 litui
569 2126 721 2211 clangore
743 2125 865 2209 refugit

146 2212 192 2278 Et
214 2212 334 2280 Thetin
357 2217 390 2278 et
413 2213 548 2280 comites
572 2218 605 2280 et
628 2236 708 2298 quos
732 2214 958 2298 suppresserat
980 2210 1095 2295 ignes?
1127 2227 1164 2276 ιο

146 2301 216 2368 Nec
238 2306 387 2366 nostrum
411 2305 469 2387 est,
498 2302 584 2386 quod
607 2303 643 2367 in
666 2325 758 2366 arma
779 2302 871 2366 venis
895 2299 1102 2383 sequerisque

786 2392 971 2474 precantes:
1032 2417 1040 2430 ·

219 2587 252 2636 21
272 2580 414 2652 Arripitur
432 2585 509 2634 PGH
529 2583 534 2654 Ι
557 2581 658 2637 ducere
676 2581 766 2636 nubes
784 2586 804 2633 P
834 2581 876 2634 ita
888 2580 988 2648 scripsi
1005 2579 1065 2634 coll.
1084 2577 1164 2649 Vcrp.

147 2703 209 2760 nez.
230 2709 311 2771 9,,49
330 2721 442 2760 eernere
460 2707 547 2760 nubes
566 2705 601 2758 θ’
629 2664 742 2761 cdiitlrd
762 2704 850 2759 nubes
869 2709 904 2756 Pe
927 2719 1050 2757 crescere
1071 2703 1162 2758 nubes

147 2775 226 2830 Leid.
236 2781 264 2829 Π
277 2773 287 2846 ss
301 2782 334 2830 22
354 2778 383 2830 et
396 2777 480 2858 longo
492 2777 592 2846 Scyros
606 2782 666 2830 PPc
690 2777 720 2830 et
734 2774 834 2845 Scyros
852 2775 938 2842 longo
953 2772 1015 2825 Μ’
1032 2772 1112 2828 Lau.
1131 2775 1164 2828 et

147 2846 248 2916 Scyros
266 2847 350 2917 longe
367 2849 415 2971 Εἰ]
431 2847 574 2902 discedere
592 2850 643 2899 AG
666 2847 826 2901 decrescere
835 2845 913 2899 Leid.
935 2845 1037 2914 11124
1055 2843 1163 2898 Comis-

147 2933 263 2986 sumque
289 2923 309 2970 P
342 2916 560 2987 Conessumque
591 2918 741 2986 ceteriltt
769 2915 916 2971 Tendebat
934 2913 970 2966 θ’
991 2916 1002 2983 fl
1027 2920 1062 2968 26
1088 2913 1163 2969 freto

147 2993 167 3040 P
191 2987 294 3042 fretum
312 2987 419 3041 Pom
447 2988 551 3043 fretum
565 2992 595 3043 et
613 2988 716 3042 nubem
733 2987 791 3041 iam
811 2987 873 3042 sole
889 2984 1007 3041 ridebat
1020 2985 1162 3054 Menam,

147 3059 208 3114 sola
231 3059 418 3114 accusativum
444 3061 549 3128 pencris
576 3059 703 3113 matrim
730 3074 785 3113 csse
801 3063 909 3126 putans
932 3057 937 3126 Ι
962 3055 1027 3110 Ibat
1049 3058 1079 3110 et
1099 3055 1163 3124 ipsa

146 3129 227 3196 frete,
247 3131 276 3184 et
293 3145 417 3200 puppem
433 3128 490 3184 iam
509 3129 570 3184 sola
587 3129 704 3184 videbat
721 3130 821 3198 scripsi
833 3129 844 3198 fl
857 3132 891 3182 30
910 3125 997 3181 sentit
1009 3130 1060 3178 PE
1073 3125 1163 3181 sensit

146 3202 226 3254 ceteri
247 3202 251 3268 Ι
272 3207 305 3256 31
320 3200 490 3254 Haerentem
509 3204 587 3253 eun
606 3199 776 3255 Scluodcras
792 3201 803 3268 fl
820 3205 855 3252 34
879 3199 1004 3252 reserato
1022 3197 1052 3250 in
1069 3196 1161 3250 limite

146 3275 167 3322 P
184 3273 308 3326 reserato
325 3271 356 3324 in
371 3270 469 3325 limine
482 3274 518 3322 Pc
527 3269 593 3323 (ΡΗ
617 3273 739 3325 reserato
753 3270 850 3324 limine
863 3270 923 3327 edd.
937 3270 947 3336 l
960 3272 994 3322 tt
1008 3265 1128 3322 uiolauit
1140 3269 1162 3318 P

150 3341 186 3407 cf.
201 3341 223 3393 I
231 3345 282 3396 511
301 3341 412 3396 thtJ
424 3345 524 3409 149sq.
548 3339 656 3395 velavit
673 3341 754 3395 ceteri
766 3343 776 3422 {j
789 3346 824 3394 36
837 3339 904 3393 ullis
927 3337 963 3390 θ’
985 3338 1051 3406 [37
1077 3336 1160 3392 nimis

145 3416 318 3534 ssffinrff
333 3410 583 3536 rpmipasutspendaia
601 3410 654 3482 ⁰²l
667 3415 702 3465 ³8
720 3413 809 3466 tacita
827 3410 916 3465 uirtus
938 3413 1052 3461 recen
1078 3409 1162 3462 tanta

222 3497 235 3533 s
312 3499 352 3534 vn
369 3498 401 3534 us
451 3497 477 3534 er
525 3497 539 3535 c
578 3525 584 3537 .
