2517 3925
101 188 145 252 68
476 190 506 242 Ρ.
525 189 664 244 PAPINII
682 189 803 246 STATII

102 333 157 398 An
180 331 295 398 Getica
317 354 434 422 uenere
456 333 551 417 lyra‘?
587 338 698 418 stupet
719 335 789 421 ipse
812 336 940 402 labores
1068 317 1071 324 ⁴

102 422 233 505 Annus,
256 423 289 485 et
312 425 450 506 angusto
474 422 614 486 bisseni
636 423 740 488 limite
763 445 891 490 menses

100 508 313 595 Longaeuum
335 509 495 575 mirantur
518 532 608 595 opus.
645 510 722 578 deus
745 512 850 578 adfuit
873 535 961 579 arces

103 597 280 683 Erexitque
303 620 380 663 suas
404 601 500 683 atque
523 599 725 664 obluctantia
748 623 827 666 saxa

106 685 290 752 Summouit
311 686 419 751 nitens
443 691 476 752 et
497 709 617 774 magno
641 692 771 772 pectore
794 694 938 755 montem

6 791 10 803 '
101 774 269 859 Reppulit:
292 775 450 840 immitem
473 776 583 841 eredas
606 776 739 841 iussisse
762 799 943 844 nouercam.
981 815 984 820 ·

104 863 194 950 Ergo
218 884 288 948 age,
314 885 370 927 seu
392 865 517 947 patrios
540 864 624 928 liber
645 865 712 930 iam
735 866 861 951 legibus
884 865 993 953 Argos
1085 920 1089 924 .

100 951 220 1017 Incolis
244 955 277 1016 et
299 974 441 1017 mersum
464 953 597 1018 tumulis
620 953 807 1038 Eurysthea
830 955 948 1037 calcas,

102 1039 177 1105 Siue
201 1040 251 1104 tui
273 1040 391 1105 solium
413 1040 503 1106 Iouis
527 1043 560 1104 et
581 1041 703 1106 uirtute
725 1045 842 1127 parata

102 1129 202 1194 Astra
223 1132 331 1211 tenes,
354 1129 569 1214 haustumque
591 1130 654 1194 tibi
676 1130 840 1196 succincta
862 1132 950 1196 beati

104 1215 254 1281 Nectaris
278 1216 409 1281 excluso
432 1217 547 1280 melior
569 1215 698 1302 Phryge
721 1219 861 1304 porrigit
882 1219 988 1285 Hebe:

103 1304 177 1370 Huc
200 1304 277 1369 ades
300 1307 333 1368 et
356 1305 488 1390 genium
510 1305 641 1390 templis
665 1307 873 1372 nascentibus
896 1308 989 1374 infer.

103 1392 180 1458 Non
201 1396 235 1456 te
257 1391 363 1456 Lerna
385 1414 506 1458 nocens
527 1414 587 1458 nec
608 1395 761 1479 pauperis
784 1403 863 1460 a'rua
885 1395 1044 1462 Molorchi

103 1480 173 1547 Nec
195 1480 388 1546 formidatus
412 1479 550 1546 Nemees
574 1503 652 1568 ager
675 1487 831 1569 antraque
854 1489 993 1568 poscunt

104 1569 244 1634 Thracia
266 1591 326 1633 nec
348 1568 460 1634 Pharii
482 1570 608 1654 polluta
632 1571 747 1636 altaria
768 1573 869 1658 regis3

104 1658 167 1724 Sed
189 1657 267 1722 felix
291 1658 490 1744 simplexque
513 1659 627 1724 domus
650 1659 865 1745 fraudumque
888 1661 1048 1726 malarum

102 1747 210 1812 Inscia
233 1750 266 1810 et
287 1745 470 1831 hospitibus
494 1749 618 1832 superis
643 1747 835 1834 dignissima
858 1749 957 1815 sedes.

103 1835 193 1901 Pone
216 1838 324 1900 truces
348 1857 441 1900 arcus
465 1856 644 1921 agmenque
668 1837 792 1901 immite
815 1838 986 1921 pharetrae

104 1924 150 1990 Et
171 1945 285 2011 regum
308 1924 412 1989 multo
435 1923 600 2010 pertusum
624 1925 783 2011 sauguine
806 1926 918 2011 robur,

102 2014 345 2099 Instratumque
368 2013 511 2079 humeris
536 2013 665 2079 dimitte
689 2015 875 2098 gerentibus
899 2016 1036 2081 hostem.

104 2100 168 2166 Hic
190 2102 251 2167 tibi
275 2099 407 2166 Sidonio
431 2102 552 2166 celsum
575 2102 727 2185 puluinar
750 2104 890 2168 acantho

105 2190 239 2255 Texitur
262 2193 295 2254 et
318 2190 420 2275 signis
444 2191 559 2255 crescit
580 2194 672 2256 torus
697 2212 792 2274 asper
815 2192 956 2257 eburnis.

104 2278 245 2343 Pacatus
268 2278 420 2363 mitisque
442 2280 519 2343 ueni
541 2299 601 2342 nec
623 2277 774 2343 turbidus
797 2279 847 2344 ira

103 2365 173 2433 Nec
195 2366 352 2431 famulare
374 2368 502 2451 timens,
525 2368 581 2432 sed
604 2389 699 2452 quem
723 2370 765 2431 te'
779 2366 936 2433 Maenalis
960 2368 1054 2455 Auge
1143 2386 1176 2435 40

106 2454 297 2522 Contentum
320 2456 446 2541 thyasis
470 2460 503 2520 et
526 2456 629 2521 multo
651 2457 753 2520 fratre
776 2456 958 2521 madentem

104 2544 256 2610 Detinuit
278 2544 468 2629 qualemque
492 2565 594 2629 uagae
617 2548 693 2628 post
716 2544 852 2609 erimina
874 2546 979 2610 noctis

105 2633 259 2698 Thestius
283 2633 464 2718 obstupuit,
486 2634 610 2699 totiens
624 2654 733 2698 socer.
769 2632 822 2698 hio
844 2633 906 2698 tibi
927 2633 1012 2697 festa

108 2721 264 2806 Gymnas,
287 2724 320 2785 et
342 2721 488 2787 insontes
511 2722 664 2786 iuuenum
687 2721 757 2785 sine
781 2722 942 2786 caestibus
965 2722 1033 2786 irae

104 2811 225 2875 Annua
247 2810 349 2874 ueloci
371 2815 534 2896 peragunt
556 2810 734 2874 certamina
756 2810 867 2875 lustro.
1142 2827 1177 2876 45

104 2898 169 2963 Hic
191 2899 320 2983 templis
342 2899 518 2983 inscriptus
542 2920 603 2962 auo
628 2898 789 2982 gaudente
813 2898 962 2964 sacerdos

180 3168 213 3217 18
232 3162 346 3233 angusti
364 3162 474 3217 bisseno
493 3166 516 3214 Δ
535 3167 560 3228 0,
580 3177 648 3217 corr.
669 3180 686 3213 a
707 3162 717 3231 ΙΙ
741 3167 773 3215 19
793 3159 886 3215 adluit
901 3160 1059 3216 Mcwrsius:
1078 3162 1178 3217 attulit

106 3241 124 3288 o
142 3254 160 3287 ι
172 3235 182 3303 fl
196 3240 230 3289 30
248 3234 367 3289 Nemees
386 3238 404 3287 ς
424 3252 453 3287 ιε
473 3232 568 3287 uenies
586 3238 603 3284 0
620 3234 624 3299 Ι
640 3232 864 3287 autraueMartl.
879 3234 889 3300 l
902 3238 937 3287 36
956 3232 1177 3303 Lustratumque
1252 3248 1253 3271 1

106 3311 160 3376 οι,
169 3310 268 3360 corus
282 3306 292 3373 l
302 3310 339 3387 ,³⁷
350 3304 471 3358 acantho
485 3303 680 3385 Aenaohantoc
694 3304 707 3386 {l
717 3309 750 3357 43
759 3302 889 3357 Thestius
903 3302 1023 3358 Markl:
1038 3303 1177 3385 Thespius
1252 3296 1253 3349 l

106 3378 179 3515 ‹1243ss
189 3374 619 3515 ldeilslldbsddoriptuubmldditd
631 3374 762 3429 caedibus
779 3374 882 3429 Marti.
890 3393 900 3439 ‚·
920 3390 957 3428 ou
976 3375 1119 3430 uestibus?
1139 3375 1175 3441 cs.
