<?xml version="1.0" encoding="UTF-8"?>
<!DOCTYPE html PUBLIC "-//W3C//DTD XHTML 1.0 Transitional//EN"
    "http://www.w3.org/TR/xhtml1/DTD/xhtml1-transitional.dtd">
<html xmlns="http://www.w3.org/1999/xhtml" xml:lang="en" lang="en">
 <head>
  <title>
</title>
<meta http-equiv="Content-Type" content="text/html;charset=utf-8" />
  <meta name='ocr-system' content='tesseract 3.04.00' />
  <meta name='ocr-capabilities' content='ocr_page ocr_carea ocr_par ocr_line ocrx_word'/>
</head>
<body>
  <div class='ocr_page' id='page_1' title='image "./silvae01baehgoog_0076.png"; bbox 0 0 2517 3925; ppageno 0'>
   <div class='ocr_carea' id='block_1_1' title="bbox 427 228 761 295">
    <p class='ocr_par' dir='ltr' id='par_1_1' title="bbox 427 228 761 295">
     <span class='ocr_line' id='line_1_1' title="bbox 427 228 761 295; baseline -0.006 -13"><span class='ocrx_word' id='word_1_1' title='bbox 427 228 613 283; x_wconf 83' lang='lat' dir='ltr'>SILUARUM</span> <span class='ocrx_word' id='word_1_2' title='bbox 632 229 663 283; x_wconf 92' lang='lat' dir='ltr'>L.</span> <span class='ocrx_word' id='word_1_3' title='bbox 682 228 717 295; x_wconf 86' lang='lat' dir='ltr'>ll,</span> <span class='ocrx_word' id='word_1_4' title='bbox 735 234 761 281; x_wconf 83' lang='lat'>4.</span> 
     </span>
    </p>
   </div>
   <div class='ocr_carea' id='block_1_2' title="bbox 13 372 1127 2322">
    <p class='ocr_par' dir='ltr' id='par_1_2' title="bbox 58 372 960 459">
     <span class='ocr_line' id='line_1_2' title="bbox 58 372 960 459; baseline 0.001 -22"><span class='ocrx_word' id='word_1_5' title='bbox 58 372 176 457; x_wconf 84' lang='lat' dir='ltr'>Sperat</span> <span class='ocrx_word' id='word_1_6' title='bbox 199 376 233 437; x_wconf 89' lang='lat' dir='ltr'>et</span> <span class='ocrx_word' id='word_1_7' title='bbox 256 376 432 459; x_wconf 89' lang='lat' dir='ltr'>amplexus,</span> <span class='ocrx_word' id='word_1_8' title='bbox 456 372 511 439; x_wconf 88' lang='lat' dir='ltr'>sed</span> <span class='ocrx_word' id='word_1_9' title='bbox 535 394 691 459; x_wconf 87' lang='lat' dir='ltr'>aquarum</span> <span class='ocrx_word' id='word_1_10' title='bbox 715 373 849 457; x_wconf 85' lang='lat' dir='ltr'>spiritus</span> <span class='ocrx_word' id='word_1_11' title='bbox 873 376 960 438; x_wconf 88' lang='lat' dir='ltr'>arcet</span> 
     </span>
    </p>

    <p class='ocr_par' dir='ltr' id='par_1_3' title="bbox 56 461 956 637">
     <span class='ocr_line' id='line_1_3' title="bbox 56 461 956 546; baseline 0 -20"><span class='ocrx_word' id='word_1_12' title='bbox 56 461 122 527; x_wconf 88' lang='lat' dir='ltr'>Nee</span> <span class='ocrx_word' id='word_1_13' title='bbox 145 462 274 546; x_wconf 88' lang='lat' dir='ltr'>patitur</span> <span class='ocrx_word' id='word_1_14' title='bbox 296 467 412 529; x_wconf 88' lang='lat' dir='ltr'>taetus.</span> <span class='ocrx_word' id='word_1_15' title='bbox 456 462 588 527; x_wconf 89' lang='lat' dir='ltr'>tandem</span> <span class='ocrx_word' id='word_1_16' title='bbox 612 463 753 527; x_wconf 84' lang='lat' dir='ltr'>eluctata</span> <span class='ocrx_word' id='word_1_17' title='bbox 776 463 837 527; x_wconf 88' lang='lat' dir='ltr'>sub</span> <span class='ocrx_word' id='word_1_18' title='bbox 861 484 956 527; x_wconf 88' lang='lat' dir='ltr'>auras</span> 
     </span>
     <span class='ocr_line' id='line_1_4' title="bbox 56 550 834 637; baseline 0.003 -24"><span class='ocrx_word' id='word_1_19' title='bbox 56 550 210 615; x_wconf 83' lang='lat' dir='ltr'>libratur</span> <span class='ocrx_word' id='word_1_20' title='bbox 233 552 334 617; x_wconf 75' lang='lat' dir='ltr'>fundo</span> <span class='ocrx_word' id='word_1_21' title='bbox 357 572 532 637; x_wconf 85' lang='lat' dir='ltr'>rursusque</span> <span class='ocrx_word' id='word_1_22' title='bbox 555 550 658 615; x_wconf 85' lang='lat' dir='ltr'>enode</span> <span class='ocrx_word' id='word_1_23' title='bbox 681 572 834 616; x_wconf 86' lang='lat' dir='ltr'>cacumen</span> 
     </span>
    </p>

    <p class='ocr_par' dir='ltr' id='par_1_4' title="bbox 56 638 835 725">
     <span class='ocr_line' id='line_1_5' title="bbox 56 638 835 725; baseline 0.001 -22"><span class='ocrx_word' id='word_1_24' title='bbox 56 638 233 725; x_wconf 80' lang='lat' dir='ltr'>Ingeniosa</span> <span class='ocrx_word' id='word_1_25' title='bbox 254 638 352 723; x_wconf 85' lang='lat' dir='ltr'>leuat,</span> <span class='ocrx_word' id='word_1_26' title='bbox 373 641 477 705; x_wconf 90' lang='lat' dir='ltr'>ueluti</span> <span class='ocrx_word' id='word_1_27' title='bbox 499 638 673 704; x_wconf 77' lang='lat' dir='ltr'>descendat</span> <span class='ocrx_word' id='word_1_28' title='bbox 694 640 730 703; x_wconf 90' lang='lat' dir='ltr'>in</span> <span class='ocrx_word' id='word_1_29' title='bbox 751 641 835 704; x_wconf 91' lang='lat' dir='ltr'>imos</span> 
     </span>
    </p>

    <p class='ocr_par' dir='ltr' id='par_1_5' title="bbox 57 726 1125 903">
     <span class='ocr_line' id='line_1_6' title="bbox 59 726 1125 813; baseline 0.002 -22"><span class='ocrx_word' id='word_1_30' title='bbox 59 726 166 813; x_wconf 81' lang='lat' dir='ltr'>Stirpe</span> <span class='ocrx_word' id='word_1_31' title='bbox 192 729 283 793; x_wconf 90' lang='lat' dir='ltr'>lacus</span> <span class='ocrx_word' id='word_1_32' title='bbox 307 729 382 794; x_wconf 90' lang='lat' dir='ltr'>alia.</span> <span class='ocrx_word' id='word_1_33' title='bbox 426 730 492 794; x_wconf 91' lang='lat' dir='ltr'>iam</span> <span class='ocrx_word' id='word_1_34' title='bbox 515 749 574 793; x_wconf 89' lang='lat' dir='ltr'>nec</span> <span class='ocrx_word' id='word_1_35' title='bbox 596 727 762 792; x_wconf 89' lang='lat' dir='ltr'>Phoebeia</span> <span class='ocrx_word' id='word_1_36' title='bbox 784 728 866 793; x_wconf 84' lang='lat' dir='ltr'><strong>Nais</strong></span> <span class='ocrx_word' id='word_1_37' title='bbox 1090 743 1125 793; x_wconf 84' lang='lat' dir='ltr'>eo</span> 
     </span>
     <span class='ocr_line' id='line_1_7' title="bbox 57 815 796 903; baseline 0 -23"><span class='ocrx_word' id='word_1_38' title='bbox 57 815 131 881; x_wconf 87' lang='lat' dir='ltr'>Odit</span> <span class='ocrx_word' id='word_1_39' title='bbox 154 820 190 881; x_wconf 83' lang='lat' dir='ltr'>et</span> <span class='ocrx_word' id='word_1_40' title='bbox 214 819 359 883; x_wconf 86' lang='lat' dir='ltr'>exclusos</span> <span class='ocrx_word' id='word_1_41' title='bbox 381 818 501 882; x_wconf 88' lang='lat' dir='ltr'>inuitat</span> <span class='ocrx_word' id='word_1_42' title='bbox 525 818 655 903; x_wconf 88' lang='lat' dir='ltr'>gurgite</span> <span class='ocrx_word' id='word_1_43' title='bbox 677 839 796 882; x_wconf 86' lang='lat' dir='ltr'>ramos.</span> 
     </span>
    </p>

    <p class='ocr_par' dir='ltr' id='par_1_6' title="bbox 58 904 936 993">
     <span class='ocr_line' id='line_1_8' title="bbox 58 904 936 993; baseline 0.001 -25"><span class='ocrx_word' id='word_1_44' title='bbox 58 904 145 969; x_wconf 89' lang='lat' dir='ltr'>Haec</span> <span class='ocrx_word' id='word_1_45' title='bbox 168 906 232 971; x_wconf 85' lang='lat' dir='ltr'>tibi</span> <span class='ocrx_word' id='word_1_46' title='bbox 254 929 357 991; x_wconf 90' lang='lat' dir='ltr'>parua</span> <span class='ocrx_word' id='word_1_47' title='bbox 380 905 509 993; x_wconf 89' lang='lat' dir='ltr'>quidem</span> <span class='ocrx_word' id='word_1_48' title='bbox 533 906 669 991; x_wconf 76' lang='lat' dir='ltr'>genitali</span> <span class='ocrx_word' id='word_1_49' title='bbox 691 906 762 970; x_wconf 89' lang='lat' dir='ltr'>luce</span> <span class='ocrx_word' id='word_1_50' title='bbox 784 926 936 988; x_wconf 88' lang='lat' dir='ltr'>paramus</span> 
     </span>
    </p>

    <p class='ocr_par' dir='ltr' id='par_1_7' title="bbox 13 993 870 1081">
     <span class='ocr_line' id='line_1_9' title="bbox 13 993 870 1081; baseline -0.001 -23"><span class='ocrx_word' id='word_1_51' title='bbox 13 1030 14 1037; x_wconf 22' lang='grc' dir='ltr'><strong>κ</strong></span> <span class='ocrx_word' id='word_1_52' title='bbox 58 993 160 1079; x_wconf 86' lang='lat' dir='ltr'>Dona,</span> <span class='ocrx_word' id='word_1_53' title='bbox 185 996 242 1059; x_wconf 89' lang='lat' dir='ltr'>sed</span> <span class='ocrx_word' id='word_1_54' title='bbox 264 995 389 1081; x_wconf 85' lang='lat' dir='ltr'>ingenti</span> <span class='ocrx_word' id='word_1_55' title='bbox 411 996 524 1060; x_wconf 81' lang='lat' dir='ltr'>forsan</span> <span class='ocrx_word' id='word_1_56' title='bbox 546 994 673 1059; x_wconf 89' lang='lat' dir='ltr'>uictura</span> <span class='ocrx_word' id='word_1_57' title='bbox 696 994 756 1058; x_wconf 89' lang='lat' dir='ltr'>sub</span> <span class='ocrx_word' id='word_1_58' title='bbox 781 1014 870 1058; x_wconf 89' lang='lat' dir='ltr'>aeuo.</span> 
     </span>
    </p>

    <p class='ocr_par' dir='ltr' id='par_1_8' title="bbox 60 1081 878 1169">
     <span class='ocr_line' id='line_1_10' title="bbox 60 1081 878 1169; baseline 0.002 -24"><span class='ocrx_word' id='word_1_59' title='bbox 60 1081 112 1167; x_wconf 79' lang='lat' dir='ltr'>Tu,</span> <span class='ocrx_word' id='word_1_60' title='bbox 137 1084 230 1148; x_wconf 88' lang='lat' dir='ltr'>euius</span> <span class='ocrx_word' id='word_1_61' title='bbox 252 1084 380 1167; x_wconf 85' lang='lat' dir='ltr'>placido</span> <span class='ocrx_word' id='word_1_62' title='bbox 403 1105 539 1169; x_wconf 84' lang='lat' dir='ltr'>posuere</span> <span class='ocrx_word' id='word_1_63' title='bbox 562 1084 597 1147; x_wconf 88' lang='lat' dir='ltr'>in</span> <span class='ocrx_word' id='word_1_64' title='bbox 615 1086 746 1166; x_wconf 89' lang='lat' dir='ltr'>pectore</span> <span class='ocrx_word' id='word_1_65' title='bbox 770 1081 878 1147; x_wconf 91' lang='lat' dir='ltr'>sedem</span> 
     </span>
    </p>

    <p class='ocr_par' dir='ltr' id='par_1_9' title="bbox 58 1170 1126 1524">
     <span class='ocr_line' id='line_1_11' title="bbox 60 1170 1126 1257; baseline 0.003 -22"><span class='ocrx_word' id='word_1_66' title='bbox 60 1170 203 1236; x_wconf 77' lang='lat' dir='ltr'>Blandus</span> <span class='ocrx_word' id='word_1_67' title='bbox 226 1172 331 1237; x_wconf 88' lang='lat' dir='ltr'>honos</span> <span class='ocrx_word' id='word_1_68' title='bbox 355 1173 530 1257; x_wconf 89' lang='lat' dir='ltr'>hilarisque</span> <span class='ocrx_word' id='word_1_69' title='bbox 553 1176 665 1236; x_wconf 88' lang='lat' dir='ltr'>tamen</span> <span class='ocrx_word' id='word_1_70' title='bbox 688 1194 761 1236; x_wconf 90' lang='lat' dir='ltr'>cum</span> <span class='ocrx_word' id='word_1_71' title='bbox 784 1171 925 1255; x_wconf 90' lang='lat' dir='ltr'>pondere</span> <span class='ocrx_word' id='word_1_72' title='bbox 947 1171 1063 1257; x_wconf 84' lang='lat' dir='ltr'>uirtus,</span> <span class='ocrx_word' id='word_1_73' title='bbox 1091 1186 1126 1237; x_wconf 81' lang='lat'>65</span> 
     </span>
     <span class='ocr_line' id='line_1_12' title="bbox 60 1256 996 1347; baseline 0.003 -25"><span class='ocrx_word' id='word_1_74' title='bbox 60 1256 116 1324; x_wconf 77' lang='lat' dir='ltr'>Oui</span> <span class='ocrx_word' id='word_1_75' title='bbox 139 1282 201 1343; x_wconf 87' lang='lat' dir='ltr'>nec</span> <span class='ocrx_word' id='word_1_76' title='bbox 224 1262 318 1347; x_wconf 89' lang='lat' dir='ltr'>pigra</span> <span class='ocrx_word' id='word_1_77' title='bbox 341 1261 431 1346; x_wconf 92' lang='lat' dir='ltr'>quies</span> <span class='ocrx_word' id='word_1_78' title='bbox 454 1282 514 1326; x_wconf 87' lang='lat' dir='ltr'>nec</span> <span class='ocrx_word' id='word_1_79' title='bbox 537 1261 649 1344; x_wconf 88' lang='lat' dir='ltr'>inique</span> <span class='ocrx_word' id='word_1_80' title='bbox 671 1260 818 1344; x_wconf 87' lang='lat' dir='ltr'>potentia</span> <span class='ocrx_word' id='word_1_81' title='bbox 839 1281 900 1324; x_wconf 93' lang='lat' dir='ltr'>nec</span> <span class='ocrx_word' id='word_1_82' title='bbox 922 1282 996 1345; x_wconf 88' lang='lat' dir='ltr'>spes</span> 
     </span>
     <span class='ocr_line' id='line_1_13' title="bbox 58 1347 997 1435; baseline 0.004 -25"><span class='ocrx_word' id='word_1_83' title='bbox 58 1347 219 1434; x_wconf 80' lang='lat' dir='ltr'>improba,</span> <span class='ocrx_word' id='word_1_84' title='bbox 243 1349 299 1414; x_wconf 90' lang='lat' dir='ltr'>sed</span> <span class='ocrx_word' id='word_1_85' title='bbox 321 1350 445 1415; x_wconf 90' lang='lat' dir='ltr'>medius</span> <span class='ocrx_word' id='word_1_86' title='bbox 469 1372 527 1434; x_wconf 92' lang='lat' dir='ltr'>per</span> <span class='ocrx_word' id='word_1_87' title='bbox 549 1350 689 1414; x_wconf 86' lang='lat' dir='ltr'>honesta</span> <span class='ocrx_word' id='word_1_88' title='bbox 712 1353 745 1414; x_wconf 88' lang='lat' dir='ltr'>et</span> <span class='ocrx_word' id='word_1_89' title='bbox 767 1348 872 1413; x_wconf 88' lang='lat' dir='ltr'>dulcia</span> <span class='ocrx_word' id='word_1_90' title='bbox 894 1350 997 1435; x_wconf 90' lang='lat' dir='ltr'>limes,</span> 
     </span>
     <span class='ocr_line' id='line_1_14' title="bbox 61 1436 898 1524; baseline 0 -23"><span class='ocrx_word' id='word_1_91' title='bbox 61 1436 252 1521; x_wconf 81' lang='lat' dir='ltr'>incorrupte</span> <span class='ocrx_word' id='word_1_92' title='bbox 274 1437 369 1502; x_wconf 90' lang='lat' dir='ltr'>fidem</span> <span class='ocrx_word' id='word_1_93' title='bbox 392 1438 563 1524; x_wconf 90' lang='lat' dir='ltr'>nullosque</span> <span class='ocrx_word' id='word_1_94' title='bbox 588 1442 718 1522; x_wconf 77' lang='lat' dir='ltr'>experte</span> <span class='ocrx_word' id='word_1_95' title='bbox 740 1439 898 1503; x_wconf 86' lang='lat' dir='ltr'>tumultus</span> 
     </span>
    </p>

    <p class='ocr_par' dir='ltr' id='par_1_10' title="bbox 59 1524 903 1612">
     <span class='ocr_line' id='line_1_15' title="bbox 59 1524 903 1612; baseline 0.002 -23"><span class='ocrx_word' id='word_1_96' title='bbox 59 1524 101 1589; x_wconf 82' lang='lat' dir='ltr'>Et</span> <span class='ocrx_word' id='word_1_97' title='bbox 124 1547 246 1609; x_wconf 90' lang='lat' dir='ltr'>secure,</span> <span class='ocrx_word' id='word_1_98' title='bbox 268 1527 379 1611; x_wconf 91' lang='lat' dir='ltr'>palam</span> <span class='ocrx_word' id='word_1_99' title='bbox 402 1528 489 1612; x_wconf 87' lang='lat' dir='ltr'>quod</span> <span class='ocrx_word' id='word_1_100' title='bbox 512 1527 632 1611; x_wconf 86' lang='lat' dir='ltr'>digeris</span> <span class='ocrx_word' id='word_1_101' title='bbox 656 1526 768 1591; x_wconf 85' lang='lat' dir='ltr'>ordine</span> <span class='ocrx_word' id='word_1_102' title='bbox 790 1528 903 1611; x_wconf 88' lang='lat' dir='ltr'>uitam,</span> 
     </span>
    </p>

    <p class='ocr_par' dir='ltr' id='par_1_11' title="bbox 60 1612 1127 1789">
     <span class='ocr_line' id='line_1_16' title="bbox 60 1612 1127 1699; baseline 0.005 -24"><span class='ocrx_word' id='word_1_103' title='bbox 60 1612 147 1678; x_wconf 92' lang='lat' dir='ltr'>Idem</span> <span class='ocrx_word' id='word_1_104' title='bbox 173 1616 245 1679; x_wconf 89' lang='lat' dir='ltr'>auri</span> <span class='ocrx_word' id='word_1_105' title='bbox 267 1615 373 1680; x_wconf 85' lang='lat' dir='ltr'>facilis</span> <span class='ocrx_word' id='word_1_106' title='bbox 397 1618 603 1699; x_wconf 84' lang='lat' dir='ltr'>contemptor</span> <span class='ocrx_word' id='word_1_107' title='bbox 626 1618 659 1679; x_wconf 86' lang='lat' dir='ltr'>et</span> <span class='ocrx_word' id='word_1_108' title='bbox 681 1618 822 1699; x_wconf 88' lang='lat' dir='ltr'>optimus</span> <span class='ocrx_word' id='word_1_109' title='bbox 845 1616 930 1680; x_wconf 90' lang='lat' dir='ltr'>idem</span> <span class='ocrx_word' id='word_1_110' title='bbox 1093 1630 1127 1680; x_wconf 69' lang='grc' dir='ltr'>το</span> 
     </span>
     <span class='ocr_line' id='line_1_17' title="bbox 60 1700 896 1789; baseline 0.001 -22"><span class='ocrx_word' id='word_1_111' title='bbox 60 1700 194 1768; x_wconf 83' lang='lat' dir='ltr'>Comere</span> <span class='ocrx_word' id='word_1_112' title='bbox 217 1702 348 1768; x_wconf 89' lang='lat' dir='ltr'>diuitias</span> <span class='ocrx_word' id='word_1_113' title='bbox 372 1705 553 1789; x_wconf 91' lang='lat' dir='ltr'>opibusque</span> <span class='ocrx_word' id='word_1_114' title='bbox 576 1704 753 1769; x_wconf 82' lang='lat' dir='ltr'>immittere</span> <span class='ocrx_word' id='word_1_115' title='bbox 775 1706 896 1769; x_wconf 88' lang='lat' dir='ltr'>lucem:</span> 
     </span>
    </p>

    <p class='ocr_par' dir='ltr' id='par_1_12' title="bbox 58 1790 922 1877">
     <span class='ocr_line' id='line_1_18' title="bbox 58 1790 922 1877; baseline 0.005 -24"><span class='ocrx_word' id='word_1_116' title='bbox 58 1790 126 1856; x_wconf 87' lang='lat' dir='ltr'>Hac</span> <span class='ocrx_word' id='word_1_117' title='bbox 149 1793 285 1877; x_wconf 89' lang='lat' dir='ltr'>longum</span> <span class='ocrx_word' id='word_1_118' title='bbox 308 1792 426 1857; x_wconf 87' lang='lat' dir='ltr'>florens</span> <span class='ocrx_word' id='word_1_119' title='bbox 451 1794 552 1857; x_wconf 89' lang='lat' dir='ltr'>animi</span> <span class='ocrx_word' id='word_1_120' title='bbox 574 1814 765 1877; x_wconf 90' lang='lat' dir='ltr'>morumque</span> <span class='ocrx_word' id='word_1_121' title='bbox 788 1794 922 1858; x_wconf 90' lang='lat' dir='ltr'>iuuenta</span> 
     </span>
    </p>

    <p class='ocr_par' dir='ltr' id='par_1_13' title="bbox 58 1878 806 1966">
     <span class='ocr_line' id='line_1_19' title="bbox 58 1878 806 1966; baseline 0.005 -24"><span class='ocrx_word' id='word_1_122' title='bbox 58 1878 177 1953; x_wconf 86' lang='lat' dir='ltr'>Iliacos</span> <span class='ocrx_word' id='word_1_123' title='bbox 201 1901 339 1966; x_wconf 85' lang='lat' dir='ltr'>aequare</span> <span class='ocrx_word' id='word_1_124' title='bbox 364 1903 457 1946; x_wconf 88' lang='lat' dir='ltr'>senes</span> <span class='ocrx_word' id='word_1_125' title='bbox 481 1884 513 1945; x_wconf 87' lang='lat' dir='ltr'>et</span> <span class='ocrx_word' id='word_1_126' title='bbox 532 1882 664 1946; x_wconf 91' lang='lat' dir='ltr'>uincere</span> <span class='ocrx_word' id='word_1_127' title='bbox 687 1885 806 1966; x_wconf 86' lang='lat' dir='ltr'>persta,</span> 
     </span>
    </p>

    <p class='ocr_par' dir='ltr' id='par_1_14' title="bbox 59 1968 974 2056">
     <span class='ocr_line' id='line_1_20' title="bbox 59 1968 974 2056; baseline 0.002 -23"><span class='ocrx_word' id='word_1_128' title='bbox 59 1968 145 2045; x_wconf 80' lang='lat' dir='ltr'>Quos</span> <span class='ocrx_word' id='word_1_129' title='bbox 168 1973 263 2054; x_wconf 88' lang='lat' dir='ltr'>pater</span> <span class='ocrx_word' id='word_1_130' title='bbox 286 1971 415 2055; x_wconf 85' lang='lat' dir='ltr'>elysius,</span> <span class='ocrx_word' id='word_1_131' title='bbox 439 1971 588 2056; x_wconf 83' lang='lat' dir='ltr'>genetrix</span> <span class='ocrx_word' id='word_1_132' title='bbox 611 1993 692 2055; x_wconf 91' lang='lat' dir='ltr'>quos</span> <span class='ocrx_word' id='word_1_133' title='bbox 716 1970 833 2035; x_wconf 85' lang='lat' dir='ltr'>detulit</span> <span class='ocrx_word' id='word_1_134' title='bbox 856 1992 974 2035; x_wconf 88' lang='lat' dir='ltr'>annos:</span> 
     </span>
    </p>

    <p class='ocr_par' dir='ltr' id='par_1_15' title="bbox 58 2057 1124 2233">
     <span class='ocr_line' id='line_1_21' title="bbox 58 2057 1124 2143; baseline 0.003 -23"><span class='ocrx_word' id='word_1_135' title='bbox 58 2057 128 2124; x_wconf 91' lang='lat' dir='ltr'>Hoc</span> <span class='ocrx_word' id='word_1_136' title='bbox 151 2059 204 2122; x_wconf 89' lang='lat' dir='ltr'>illi</span> <span class='ocrx_word' id='word_1_137' title='bbox 227 2058 323 2123; x_wconf 90' lang='lat' dir='ltr'>duras</span> <span class='ocrx_word' id='word_1_138' title='bbox 347 2080 521 2124; x_wconf 85' lang='lat' dir='ltr'>exorauere</span> <span class='ocrx_word' id='word_1_139' title='bbox 545 2081 681 2143; x_wconf 90' lang='lat' dir='ltr'>sorores,</span> <span class='ocrx_word' id='word_1_140' title='bbox 1090 2073 1124 2124; x_wconf 79' lang='lat'>75</span> 
     </span>
     <span class='ocr_line' id='line_1_22' title="bbox 59 2145 965 2233; baseline 0.003 -24"><span class='ocrx_word' id='word_1_141' title='bbox 59 2145 137 2231; x_wconf 89' lang='lat' dir='ltr'>Hoc,</span> <span class='ocrx_word' id='word_1_142' title='bbox 160 2169 244 2232; x_wconf 90' lang='lat' dir='ltr'>quae</span> <span class='ocrx_word' id='word_1_143' title='bbox 265 2149 298 2211; x_wconf 87' lang='lat' dir='ltr'>te</span> <span class='ocrx_word' id='word_1_144' title='bbox 322 2149 381 2212; x_wconf 77' lang='lat' dir='ltr'>sub</span> <span class='ocrx_word' id='word_1_145' title='bbox 404 2152 488 2213; x_wconf 87' lang='lat' dir='ltr'>teste</span> <span class='ocrx_word' id='word_1_146' title='bbox 512 2149 611 2212; x_wconf 85' lang='lat' dir='ltr'>situm</span> <span class='ocrx_word' id='word_1_147' title='bbox 634 2148 782 2233; x_wconf 82' lang='lat' dir='ltr'>fugitura</span> <span class='ocrx_word' id='word_1_148' title='bbox 803 2151 965 2214; x_wconf 79' lang='lat' dir='ltr'>tacentem</span> 
     </span>
    </p>

    <p class='ocr_par' dir='ltr' id='par_1_16' title="bbox 60 2235 855 2322">
     <span class='ocr_line' id='line_1_23' title="bbox 60 2235 855 2322; baseline 0.004 -23"><span class='ocrx_word' id='word_1_149' title='bbox 60 2235 169 2299; x_wconf 84' lang='lat' dir='ltr'>Ardua</span> <span class='ocrx_word' id='word_1_150' title='bbox 192 2236 395 2320; x_wconf 87' lang='lat' dir='ltr'>magnanimi</span> <span class='ocrx_word' id='word_1_151' title='bbox 418 2237 587 2301; x_wconf 87' lang='lat' dir='ltr'>reuireseit</span> <span class='ocrx_word' id='word_1_152' title='bbox 610 2237 716 2322; x_wconf 87' lang='lat' dir='ltr'>gloria</span> <span class='ocrx_word' id='word_1_153' title='bbox 737 2236 855 2303; x_wconf 88' lang='lat' dir='ltr'>Blaesi.</span> 
     </span>
    </p>
   </div>
   <div class='ocr_carea' id='block_1_3' title="bbox 396 2483 787 2660">
    <p class='ocr_par' dir='ltr' id='par_1_17' title="bbox 396 2483 787 2660">
     <span class='ocr_line' id='line_1_24' title="bbox 569 2483 626 2549; baseline 0 -1"><span class='ocrx_word' id='word_1_154' title='bbox 569 2483 626 2549; x_wconf 87' lang='lat' dir='ltr'>IV.</span> 
     </span>
     <span class='ocr_line' id='line_1_25' title="bbox 396 2603 787 2660; baseline 0 -1"><span class='ocrx_word' id='word_1_155' title='bbox 396 2604 595 2660; x_wconf 81' lang='lat' dir='ltr'>PSITTACUS</span> <span class='ocrx_word' id='word_1_156' title='bbox 614 2603 787 2660; x_wconf 81' lang='lat' dir='ltr'><strong>EIUSDEM.</strong></span> 
     </span>
    </p>
   </div>
   <div class='ocr_carea' id='block_1_4' title="bbox 61 2711 992 3064">
    <p class='ocr_par' dir='ltr' id='par_1_18' title="bbox 61 2711 992 2888">
     <span class='ocr_line' id='line_1_26' title="bbox 61 2711 992 2800; baseline 0.003 -25"><span class='ocrx_word' id='word_1_157' title='bbox 61 2711 209 2795; x_wconf 86' lang='lat' dir='ltr'>Psittaee,</span> <span class='ocrx_word' id='word_1_158' title='bbox 233 2711 296 2775; x_wconf 87' lang='lat' dir='ltr'>dux</span> <span class='ocrx_word' id='word_1_159' title='bbox 319 2713 498 2797; x_wconf 91' lang='lat' dir='ltr'>uolucrum,</span> <span class='ocrx_word' id='word_1_160' title='bbox 521 2714 644 2779; x_wconf 91' lang='lat' dir='ltr'>domini</span> <span class='ocrx_word' id='word_1_161' title='bbox 668 2715 807 2779; x_wconf 89' lang='lat' dir='ltr'>facunda</span> <span class='ocrx_word' id='word_1_162' title='bbox 829 2715 992 2800; x_wconf 88' lang='lat' dir='ltr'>uoluptas,</span> 
     </span>
     <span class='ocr_line' id='line_1_27' title="bbox 61 2799 879 2888; baseline 0.004 -25"><span class='ocrx_word' id='word_1_163' title='bbox 61 2799 231 2864; x_wconf 88' lang='lat' dir='ltr'>Humanae</span> <span class='ocrx_word' id='word_1_164' title='bbox 255 2801 366 2865; x_wconf 88' lang='lat' dir='ltr'>sollers</span> <span class='ocrx_word' id='word_1_165' title='bbox 389 2801 546 2888; x_wconf 82' lang='lat' dir='ltr'>imitator,</span> <span class='ocrx_word' id='word_1_166' title='bbox 568 2805 718 2888; x_wconf 83' lang='lat' dir='ltr'>psittaco,</span> <span class='ocrx_word' id='word_1_167' title='bbox 740 2804 879 2888; x_wconf 87' lang='lat' dir='ltr'>linguae,</span> 
     </span>
    </p>

    <p class='ocr_par' dir='ltr' id='par_1_19' title="bbox 61 2887 947 3064">
     <span class='ocr_line' id='line_1_28' title="bbox 62 2887 947 2974; baseline 0.005 -22"><span class='ocrx_word' id='word_1_168' title='bbox 62 2887 136 2964; x_wconf 79' lang='lat' dir='ltr'>Quis</span> <span class='ocrx_word' id='word_1_169' title='bbox 159 2892 220 2952; x_wconf 86' lang='lat' dir='ltr'>tua</span> <span class='ocrx_word' id='word_1_170' title='bbox 242 2891 311 2953; x_wconf 84' lang='lat' dir='ltr'>tam</span> <span class='ocrx_word' id='word_1_171' title='bbox 336 2891 443 2956; x_wconf 87' lang='lat' dir='ltr'>subito</span> <span class='ocrx_word' id='word_1_172' title='bbox 466 2892 644 2974; x_wconf 82' lang='lat' dir='ltr'>praeclusit</span> <span class='ocrx_word' id='word_1_173' title='bbox 665 2914 831 2957; x_wconf 85' lang='lat' dir='ltr'>murmura</span> <span class='ocrx_word' id='word_1_174' title='bbox 852 2891 947 2956; x_wconf 81' lang='lat' dir='ltr'>fato?</span> 
     </span>
     <span class='ocr_line' id='line_1_29' title="bbox 61 2975 894 3064; baseline 0.006 -24"><span class='ocrx_word' id='word_1_175' title='bbox 61 2975 459 3064; x_wconf 86' lang='lat' dir='ltr'>Hesternas,&#39;1niserande,</span> <span class='ocrx_word' id='word_1_176' title='bbox 482 2979 580 3063; x_wconf 91' lang='lat' dir='ltr'>dapes</span> <span class='ocrx_word' id='word_1_177' title='bbox 604 2982 780 3045; x_wconf 88' lang='lat' dir='ltr'>moriturus</span> <span class='ocrx_word' id='word_1_178' title='bbox 802 2980 894 3045; x_wconf 90' lang='lat' dir='ltr'>inisti</span> 
     </span>
    </p>
   </div>
   <div class='ocr_carea' id='block_1_5' title="bbox 63 3275 1125 3544">
    <p class='ocr_par' dir='ltr' id='par_1_20' title="bbox 63 3275 1125 3488">
     <span class='ocr_line' id='line_1_30' title="bbox 127 3275 1125 3347; baseline -0.001 -17"><span class='ocrx_word' id='word_1_179' title='bbox 127 3281 161 3330; x_wconf 83' lang='grc'>69</span> <span class='ocrx_word' id='word_1_180' title='bbox 186 3291 282 3330; x_wconf 83' lang='lat' dir='ltr'>secure</span> <span class='ocrx_word' id='word_1_181' title='bbox 306 3275 426 3331; x_wconf 70' lang='lat' dir='ltr'>Morti:</span> <span class='ocrx_word' id='word_1_182' title='bbox 455 3279 560 3331; x_wconf 85' lang='lat' dir='ltr'>secrete</span> <span class='ocrx_word' id='word_1_183' title='bbox 583 3281 607 3329; x_wconf 98' lang='lat' dir='ltr'>A</span> <span class='ocrx_word' id='word_1_184' title='bbox 631 3283 648 3329; x_wconf 80' lang='lat' dir='ltr'>c</span> <span class='ocrx_word' id='word_1_185' title='bbox 677 3278 682 3343; x_wconf 88' lang='grc' dir='ltr'>Ι</span> <span class='ocrx_word' id='word_1_186' title='bbox 711 3277 786 3347; x_wconf 90' lang='lat' dir='ltr'>quod</span> <span class='ocrx_word' id='word_1_187' title='bbox 809 3281 833 3329; x_wconf 98' lang='lat' dir='ltr'>A</span> <span class='ocrx_word' id='word_1_188' title='bbox 856 3283 886 3332; x_wconf 76' lang='lat' dir='ltr'>c:</span> <span class='ocrx_word' id='word_1_189' title='bbox 911 3277 960 3345; x_wconf 91' lang='lat' dir='ltr'>qui</span> <span class='ocrx_word' id='word_1_190' title='bbox 981 3276 1061 3329; x_wconf 77' lang='lat' dir='ltr'>Dora.</span> <span class='ocrx_word' id='word_1_191' title='bbox 1086 3292 1125 3329; x_wconf 76' lang='lat' dir='ltr'>aa</span> 
     </span>
     <span class='ocr_line' id='line_1_31' title="bbox 63 3345 1123 3417; baseline -0.002 -17"><span class='ocrx_word' id='word_1_192' title='bbox 63 3353 130 3414; x_wconf 77' lang='lat' dir='ltr'>quo?</span> <span class='ocrx_word' id='word_1_193' title='bbox 153 3349 163 3415; x_wconf 86' lang='lat' dir='ltr'>l</span> <span class='ocrx_word' id='word_1_194' title='bbox 188 3351 221 3400; x_wconf 77' lang='grc'>’11</span> <span class='ocrx_word' id='word_1_195' title='bbox 251 3345 376 3402; x_wconf 80' lang='lat' dir='ltr'>Condere</span> <span class='ocrx_word' id='word_1_196' title='bbox 403 3347 477 3414; x_wconf 85' lang='lat' dir='ltr'>edd.;</span> <span class='ocrx_word' id='word_1_197' title='bbox 505 3347 636 3403; x_wconf 86' lang='lat' dir='ltr'>Promere</span> <span class='ocrx_word' id='word_1_198' title='bbox 663 3347 847 3403; x_wconf 73' lang='lat' dir='ltr'>Romaanus</span> <span class='ocrx_word' id='word_1_199' title='bbox 868 3352 878 3417; x_wconf 72' lang='lat' dir='ltr'>ss</span> <span class='ocrx_word' id='word_1_200' title='bbox 902 3353 936 3400; x_wconf 77' lang='lat'>74</span> <span class='ocrx_word' id='word_1_201' title='bbox 956 3346 1044 3414; x_wconf 83' lang='lat' dir='ltr'>elysia</span> <span class='ocrx_word' id='word_1_202' title='bbox 1062 3352 1080 3396; x_wconf 82' lang='lat' dir='ltr'>c</span> <span class='ocrx_word' id='word_1_203' title='bbox 1099 3364 1123 3415; x_wconf 79' lang='lat' dir='ltr'>a,</span> 
     </span>
     <span class='ocr_line' id='line_1_32' title="bbox 63 3417 1039 3488; baseline -0.007 -16"><span class='ocrx_word' id='word_1_204' title='bbox 63 3419 169 3472; x_wconf 68' lang='lat' dir='ltr'>corrm.</span> <span class='ocrx_word' id='word_1_205' title='bbox 190 3417 279 3486; x_wconf 85' lang='lat' dir='ltr'>elysio</span> <span class='ocrx_word' id='word_1_206' title='bbox 297 3417 378 3473; x_wconf 74' lang='lat' dir='ltr'>Dora.</span> <span class='ocrx_word' id='word_1_207' title='bbox 397 3417 406 3488; x_wconf 71' lang='lat' dir='ltr'>ll</span> <span class='ocrx_word' id='word_1_208' title='bbox 425 3423 458 3472; x_wconf 78' lang='lat'>⁷⁷</span> <span class='ocrx_word' id='word_1_209' title='bbox 477 3419 628 3473; x_wconf 81' lang='lat' dir='ltr'>reuirescet</span> <span class='ocrx_word' id='word_1_210' title='bbox 646 3424 669 3469; x_wconf 92' lang='lat' dir='ltr'>A</span> <span class='ocrx_word' id='word_1_211' title='bbox 688 3425 715 3485; x_wconf 77' lang='lat' dir='ltr'>o,</span> <span class='ocrx_word' id='word_1_212' title='bbox 733 3435 801 3473; x_wconf 82' lang='lat' dir='ltr'>corr.</span> <span class='ocrx_word' id='word_1_213' title='bbox 822 3424 840 3472; x_wconf 79' lang='grc' dir='ltr'><strong>ς</strong></span> <span class='ocrx_word' id='word_1_214' title='bbox 877 3417 963 3471; x_wconf 80' lang='lat' dir='ltr'>blaesi</span> <span class='ocrx_word' id='word_1_215' title='bbox 980 3421 1003 3466; x_wconf 89' lang='lat' dir='ltr'>A</span> <span class='ocrx_word' id='word_1_216' title='bbox 1022 3422 1039 3466; x_wconf 81' lang='lat' dir='ltr'>c</span> 
     </span>
    </p>

    <p class='ocr_par' dir='ltr' id='par_1_21' title="bbox 126 3485 949 3544">
     <span class='ocr_line' id='line_1_33' title="bbox 126 3485 949 3544; baseline -0.006 -2"><span class='ocrx_word' id='word_1_217' title='bbox 126 3487 173 3542; x_wconf 88' lang='lat' dir='ltr'>IV.</span> <span class='ocrx_word' id='word_1_218' title='bbox 196 3494 213 3540; x_wconf 85' lang='lat'>4</span> <span class='ocrx_word' id='word_1_219' title='bbox 232 3488 382 3542; x_wconf 86' lang='lat' dir='ltr'>Hesternas</span> <span class='ocrx_word' id='word_1_220' title='bbox 403 3495 433 3542; x_wconf 71' lang='lat'>5:</span> <span class='ocrx_word' id='word_1_221' title='bbox 453 3489 589 3544; x_wconf 82' lang='lat' dir='ltr'>Externas</span> <span class='ocrx_word' id='word_1_222' title='bbox 608 3495 626 3539; x_wconf 77' lang='lat'><strong>0</strong></span> <span class='ocrx_word' id='word_1_223' title='bbox 646 3488 825 3542; x_wconf 83' lang='lat' dir='ltr'>a&#39;Extremas</span> <span class='ocrx_word' id='word_1_224' title='bbox 882 3485 949 3540; x_wconf 79' lang='lat' dir='ltr'>arlrl.</span> 
     </span>
    </p>
   </div>
   <div class='ocr_carea' id='block_1_6' title="bbox 0 0 1270 3925">
    <p class='ocr_par' dir='ltr' id='par_1_22' title="bbox 0 0 1270 3925">
     <span class='ocr_line' id='line_1_34' title="bbox 0 0 1270 3925; baseline 0 0"><span class='ocrx_word' id='word_1_225' title='bbox 0 0 1270 3925; x_wconf 95' lang='lat' dir='ltr'> </span> 
     </span>
    </p>
   </div>
  </div>
 </body>
</html>
