<?xml version="1.0" encoding="UTF-8"?>
<!DOCTYPE html PUBLIC "-//W3C//DTD XHTML 1.0 Transitional//EN"
    "http://www.w3.org/TR/xhtml1/DTD/xhtml1-transitional.dtd">
<html xmlns="http://www.w3.org/1999/xhtml" xml:lang="en" lang="en">
 <head>
  <title>
</title>
<meta http-equiv="Content-Type" content="text/html;charset=utf-8" />
  <meta name='ocr-system' content='tesseract 3.04.00' />
  <meta name='ocr-capabilities' content='ocr_page ocr_carea ocr_par ocr_line ocrx_word'/>
</head>
<body>
  <div class='ocr_page' id='page_1' title='image "./silvae01baehgoog_0113.png"; bbox 0 0 2517 3925; ppageno 0'>
   <div class='ocr_carea' id='block_1_1' title="bbox 475 211 803 267">
    <p class='ocr_par' dir='ltr' id='par_1_1' title="bbox 475 211 803 267">
     <span class='ocr_line' id='line_1_1' title="bbox 475 211 803 267; baseline 0.003 -2"><span class='ocrx_word' id='word_1_1' title='bbox 475 211 505 267; x_wconf 92' lang='lat' dir='ltr'><strong>P.</strong></span> <span class='ocrx_word' id='word_1_2' title='bbox 525 211 663 266; x_wconf 86' lang='lat' dir='ltr'><strong>PAPINII</strong></span> <span class='ocrx_word' id='word_1_3' title='bbox 683 211 803 267; x_wconf 82' lang='lat' dir='ltr'>STATII</span> 
     </span>
    </p>
   </div>
   <div class='ocr_carea' id='block_1_2' title="bbox 435 444 833 622">
    <p class='ocr_par' dir='ltr' id='par_1_2' title="bbox 435 444 833 622">
     <span class='ocr_line' id='line_1_2' title="bbox 617 444 658 510; baseline 0 0"><span class='ocrx_word' id='word_1_4' title='bbox 617 444 658 510; x_wconf 91' lang='lat' dir='ltr'><strong>V.</strong></span> 
     </span>
     <span class='ocr_line' id='line_1_3' title="bbox 435 563 833 622; baseline 0.003 -2"><span class='ocrx_word' id='word_1_5' title='bbox 435 563 584 622; x_wconf 70' lang='lat' dir='ltr'><strong>manuae</strong></span> <span class='ocrx_word' id='word_1_6' title='bbox 601 567 652 620; x_wconf 78' lang='lat' dir='ltr'><strong>An</strong></span> <span class='ocrx_word' id='word_1_7' title='bbox 672 565 833 622; x_wconf 79' lang='lat' dir='ltr'><strong>uxoanu.</strong></span> 
     </span>
    </p>
   </div>
   <div class='ocr_carea' id='block_1_3' title="bbox 80 688 1257 2821">
    <p class='ocr_par' dir='ltr' id='par_1_3' title="bbox 100 688 1036 868">
     <span class='ocr_line' id='line_1_4' title="bbox 101 688 1036 780; baseline 0.004 -24"><span class='ocrx_word' id='word_1_8' title='bbox 101 688 186 766; x_wconf 82' lang='lat' dir='ltr'><strong>Quid</strong></span> <span class='ocrx_word' id='word_1_9' title='bbox 208 692 290 757; x_wconf 90' lang='lat' dir='ltr'><strong>mihi</strong></span> <span class='ocrx_word' id='word_1_10' title='bbox 312 696 438 757; x_wconf 80' lang='lat' dir='ltr'><strong>maesta</strong></span> <span class='ocrx_word' id='word_1_11' title='bbox 460 693 521 778; x_wconf 84' lang='lat' dir='ltr'><strong>die,</strong></span> <span class='ocrx_word' id='word_1_12' title='bbox 544 694 640 759; x_wconf 81' lang='lat' dir='ltr'><strong>sociis</strong></span> <span class='ocrx_word' id='word_1_13' title='bbox 664 694 741 779; x_wconf 90' lang='lat' dir='ltr'><strong>quid</strong></span> <span class='ocrx_word' id='word_1_14' title='bbox 763 694 923 779; x_wconf 86' lang='lat' dir='ltr'><strong>noctibus,</strong></span> <span class='ocrx_word' id='word_1_15' title='bbox 946 717 1036 780; x_wconf 82' lang='lat' dir='ltr'><strong>uxor,</strong></span> 
     </span>
     <span class='ocr_line' id='line_1_5' title="bbox 100 778 782 868; baseline 0.003 -24"><span class='ocrx_word' id='word_1_16' title='bbox 100 778 210 846; x_wconf 80' lang='lat' dir='ltr'><strong>Anxia</strong></span> <span class='ocrx_word' id='word_1_17' title='bbox 232 782 383 868; x_wconf 79' lang='lat' dir='ltr'><strong>peruigili</strong></span> <span class='ocrx_word' id='word_1_18' title='bbox 406 781 497 848; x_wconf 83' lang='lat' dir='ltr'><strong>ducis</strong></span> <span class='ocrx_word' id='word_1_19' title='bbox 520 783 661 867; x_wconf 80' lang='lat' dir='ltr'><strong>suspiria</strong></span> <span class='ocrx_word' id='word_1_20' title='bbox 684 782 782 848; x_wconf 76' lang='lat' dir='ltr'><strong>eura?</strong></span> 
     </span>
    </p>

    <p class='ocr_par' dir='ltr' id='par_1_4' title="bbox 98 868 1256 1400">
     <span class='ocr_line' id='line_1_6' title="bbox 100 868 963 955; baseline 0.005 -21"><span class='ocrx_word' id='word_1_21' title='bbox 100 868 177 934; x_wconf 88' lang='lat' dir='ltr'><strong>Non</strong></span> <span class='ocrx_word' id='word_1_22' title='bbox 199 873 313 935; x_wconf 88' lang='lat' dir='ltr'><strong>metuo·</strong></span> <span class='ocrx_word' id='word_1_23' title='bbox 331 891 372 934; x_wconf 91' lang='lat' dir='ltr'><strong>ne</strong></span> <span class='ocrx_word' id='word_1_24' title='bbox 396 870 486 936; x_wconf 87' lang='lat' dir='ltr'><strong>laesa</strong></span> <span class='ocrx_word' id='word_1_25' title='bbox 508 872 586 935; x_wconf 81' lang='lat' dir='ltr'><strong>fides</strong></span> <span class='ocrx_word' id='word_1_26' title='bbox 610 875 667 935; x_wconf 87' lang='lat' dir='ltr'><strong>aut</strong></span> <span class='ocrx_word' id='word_1_27' title='bbox 689 875 819 955; x_wconf 80' lang='lat' dir='ltr'>pectore</span> <span class='ocrx_word' id='word_1_28' title='bbox 842 872 876 937; x_wconf 94' lang='lat' dir='ltr'><strong>in</strong></span> <span class='ocrx_word' id='word_1_29' title='bbox 899 873 963 938; x_wconf 81' lang='lat' dir='ltr'><strong>istu</strong></span> 
     </span>
     <span class='ocr_line' id='line_1_7' title="bbox 100 957 896 1046; baseline 0.008 -26"><span class='ocrx_word' id='word_1_30' title='bbox 100 957 194 1022; x_wconf 82' lang='lat' dir='ltr'><strong>Alter</strong></span> <span class='ocrx_word' id='word_1_31' title='bbox 217 981 320 1041; x_wconf 78' lang='lat' dir='ltr'><strong>amor3</strong></span> <span class='ocrx_word' id='word_1_32' title='bbox 342 959 441 1024; x_wconf 85' lang='lat' dir='ltr'><strong>nullis</strong></span> <span class='ocrx_word' id='word_1_33' title='bbox 464 961 499 1024; x_wconf 92' lang='lat' dir='ltr'><strong>in</strong></span> <span class='ocrx_word' id='word_1_34' title='bbox 522 962 555 1024; x_wconf 87' lang='lat' dir='ltr'><strong>te</strong></span> <span class='ocrx_word' id='word_1_35' title='bbox 578 960 674 1025; x_wconf 89' lang='lat' dir='ltr'><strong>datur</strong></span> <span class='ocrx_word' id='word_1_36' title='bbox 695 961 742 1025; x_wconf 88' lang='lat' dir='ltr'><strong>ire</strong></span> <span class='ocrx_word' id='word_1_37' title='bbox 766 959 896 1046; x_wconf 80' lang='lat' dir='ltr'><strong>sagittis</strong></span> 
     </span>
     <span class='ocr_line' id='line_1_8' title="bbox 101 1045 1256 1136; baseline 0.008 -26"><span class='ocrx_word' id='word_1_38' title='bbox 101 1045 238 1129; x_wconf 78' lang='lat' dir='ltr'><strong>(Audiat</strong></span> <span class='ocrx_word' id='word_1_39' title='bbox 259 1048 379 1113; x_wconf 83' lang='lat' dir='ltr'><strong>infesto</strong></span> <span class='ocrx_word' id='word_1_40' title='bbox 402 1049 478 1114; x_wconf 86' lang='lat' dir='ltr'><strong>lieet</strong></span> <span class='ocrx_word' id='word_1_41' title='bbox 500 1049 563 1114; x_wconf 84' lang='lat' dir='ltr'><strong>hoe</strong></span> <span class='ocrx_word' id='word_1_42' title='bbox 584 1048 789 1114; x_wconf 79' lang='lat' dir='ltr'><strong>Rhamnusia</strong></span> <span class='ocrx_word' id='word_1_43' title='bbox 812 1047 928 1136; x_wconf 83' lang='lat' dir='ltr'><strong>uultu),</strong></span> <span class='ocrx_word' id='word_1_44' title='bbox 1155 1070 1172 1118; x_wconf 79' lang='lat' dir='ltr'>a</span> <span class='ocrx_word' id='word_1_45' title='bbox 1255 1062 1256 1134; x_wconf 83' lang='grc'>1</span> 
     </span>
     <span class='ocr_line' id='line_1_9' title="bbox 101 1133 1032 1223; baseline 0.006 -25"><span class='ocrx_word' id='word_1_46' title='bbox 101 1133 177 1199; x_wconf 89' lang='lat' dir='ltr'><strong>Non</strong></span> <span class='ocrx_word' id='word_1_47' title='bbox 200 1136 303 1201; x_wconf 88' lang='lat' dir='ltr'><strong>datur.</strong></span> <span class='ocrx_word' id='word_1_48' title='bbox 349 1141 382 1200; x_wconf 87' lang='lat' dir='ltr'><strong>et</strong></span> <span class='ocrx_word' id='word_1_49' title='bbox 405 1137 434 1202; x_wconf 85' lang='lat' dir='ltr'><strong>si</strong></span> <span class='ocrx_word' id='word_1_50' title='bbox 457 1141 586 1223; x_wconf 84' lang='lat' dir='ltr'><strong>egomet</strong></span> <span class='ocrx_word' id='word_1_51' title='bbox 608 1138 716 1221; x_wconf 85' lang='lat' dir='ltr'><strong>patrio</strong></span> <span class='ocrx_word' id='word_1_52' title='bbox 741 1138 779 1202; x_wconf 88' lang='lat' dir='ltr'><strong>de</strong></span> <span class='ocrx_word' id='word_1_53' title='bbox 803 1138 898 1204; x_wconf 86' lang='lat' dir='ltr'><strong>litore</strong></span> <span class='ocrx_word' id='word_1_54' title='bbox 921 1143 1032 1222; x_wconf 84' lang='lat' dir='ltr'><strong>raptus</strong></span> 
     </span>
     <span class='ocr_line' id='line_1_10' title="bbox 100 1221 1000 1311; baseline 0.006 -25"><span class='ocrx_word' id='word_1_55' title='bbox 100 1221 261 1297; x_wconf 80' lang='lat' dir='ltr'><strong>Quattuor</strong></span> <span class='ocrx_word' id='word_1_56' title='bbox 284 1226 426 1289; x_wconf 85' lang='lat' dir='ltr'><strong>emeritis</strong></span> <span class='ocrx_word' id='word_1_57' title='bbox 449 1247 507 1309; x_wconf 88' lang='lat' dir='ltr'><strong>per</strong></span> <span class='ocrx_word' id='word_1_58' title='bbox 529 1226 624 1309; x_wconf 84' lang='lat' dir='ltr'><strong>bella,</strong></span> <span class='ocrx_word' id='word_1_59' title='bbox 648 1248 706 1310; x_wconf 88' lang='lat' dir='ltr'><strong>per</strong></span> <span class='ocrx_word' id='word_1_60' title='bbox 728 1248 867 1311; x_wconf 85' lang='lat' dir='ltr'><strong>aequora</strong></span> <span class='ocrx_word' id='word_1_61' title='bbox 889 1228 1000 1292; x_wconf 82' lang='lat' dir='ltr'><strong>lustris</strong></span> 
     </span>
     <span class='ocr_line' id='line_1_11' title="bbox 98 1309 884 1400; baseline 0.008 -26"><span class='ocrx_word' id='word_1_62' title='bbox 98 1309 261 1396; x_wconf 82' lang='lat' dir='ltr'><strong>Errarem,</strong></span> <span class='ocrx_word' id='word_1_63' title='bbox 282 1317 320 1378; x_wconf 92' lang='lat' dir='ltr'><strong>tu</strong></span> <span class='ocrx_word' id='word_1_64' title='bbox 342 1312 430 1377; x_wconf 92' lang='lat' dir='ltr'><strong>mille</strong></span> <span class='ocrx_word' id='word_1_65' title='bbox 453 1336 569 1397; x_wconf 81' lang='lat' dir='ltr'><strong>procos</strong></span> <span class='ocrx_word' id='word_1_66' title='bbox 591 1316 717 1379; x_wconf 85' lang='lat' dir='ltr'><strong>intaeta</strong></span> <span class='ocrx_word' id='word_1_67' title='bbox 739 1315 884 1400; x_wconf 62' lang='lat' dir='ltr'><strong>fugarem</strong></span> 
     </span>
    </p>

    <p class='ocr_par' dir='ltr' id='par_1_5' title="bbox 99 1398 881 1486">
     <span class='ocr_line' id='line_1_12' title="bbox 99 1398 881 1486; baseline 0.006 -23"><span class='ocrx_word' id='word_1_68' title='bbox 99 1398 176 1464; x_wconf 86' lang='lat' dir='ltr'><strong>Non</strong></span> <span class='ocrx_word' id='word_1_69' title='bbox 198 1401 393 1484; x_wconf 81' lang='lat' dir='ltr'><strong>inperfectus</strong></span> <span class='ocrx_word' id='word_1_70' title='bbox 417 1406 601 1467; x_wconf 82' lang='lat' dir='ltr'><strong>commenta</strong></span> <span class='ocrx_word' id='word_1_71' title='bbox 622 1407 766 1468; x_wconf 82' lang='lat' dir='ltr'><strong>retexere</strong></span> <span class='ocrx_word' id='word_1_72' title='bbox 790 1404 881 1486; x_wconf 83' lang='lat' dir='ltr'><strong>telas,</strong></span> 
     </span>
    </p>

    <p class='ocr_par' dir='ltr' id='par_1_6' title="bbox 99 1485 1172 1753">
     <span class='ocr_line' id='line_1_13' title="bbox 99 1485 1172 1578; baseline 0.007 -26"><span class='ocrx_word' id='word_1_73' title='bbox 99 1485 163 1552; x_wconf 82' lang='lat' dir='ltr'><strong>Sed</strong></span> <span class='ocrx_word' id='word_1_74' title='bbox 186 1490 255 1554; x_wconf 83' lang='lat' dir='ltr'><strong>sine</strong></span> <span class='ocrx_word' id='word_1_75' title='bbox 278 1490 391 1555; x_wconf 88' lang='lat' dir='ltr'><strong>fraude</strong></span> <span class='ocrx_word' id='word_1_76' title='bbox 414 1492 532 1575; x_wconf 86' lang='lat' dir='ltr'><strong>palam,</strong></span> <span class='ocrx_word' id='word_1_77' title='bbox 549 1493 776 1576; x_wconf 76' lang='lat' dir='ltr'><strong>thalamosque</strong></span> <span class='ocrx_word' id='word_1_78' title='bbox 796 1496 922 1556; x_wconf 84' lang='lat' dir='ltr'><strong>armata</strong></span> <span class='ocrx_word' id='word_1_79' title='bbox 938 1514 1102 1578; x_wconf 66' lang='lat' dir='ltr'><strong>negassem</strong></span> <span class='ocrx_word' id='word_1_80' title='bbox 1137 1513 1172 1561; x_wconf 82' lang='lat'><strong>10</strong></span> 
     </span>
     <span class='ocr_line' id='line_1_14' title="bbox 99 1575 1078 1663; baseline 0.005 -22"><span class='ocrx_word' id='word_1_81' title='bbox 99 1575 161 1641; x_wconf 84' lang='lat' dir='ltr'><strong>Die</strong></span> <span class='ocrx_word' id='word_1_82' title='bbox 182 1581 302 1663; x_wconf 79' lang='lat' dir='ltr'><strong>tamen,</strong></span> <span class='ocrx_word' id='word_1_83' title='bbox 324 1578 409 1644; x_wconf 90' lang='lat' dir='ltr'><strong>unde</strong></span> <span class='ocrx_word' id='word_1_84' title='bbox 432 1580 500 1644; x_wconf 88' lang='lat' dir='ltr'><strong>alta</strong></span> <span class='ocrx_word' id='word_1_85' title='bbox 522 1580 602 1644; x_wconf 91' lang='lat' dir='ltr'><strong>mihi</strong></span> <span class='ocrx_word' id='word_1_86' title='bbox 623 1580 732 1645; x_wconf 84' lang='lat' dir='ltr'><strong>fronte</strong></span> <span class='ocrx_word' id='word_1_87' title='bbox 757 1584 789 1645; x_wconf 88' lang='lat' dir='ltr'><strong>et</strong></span> <span class='ocrx_word' id='word_1_88' title='bbox 810 1581 924 1645; x_wconf 85' lang='lat' dir='ltr'><strong>nubila</strong></span> <span class='ocrx_word' id='word_1_89' title='bbox 947 1583 1078 1648; x_wconf 82' lang='lat' dir='ltr'><strong>uultus?</strong></span> 
     </span>
     <span class='ocr_line' id='line_1_15' title="bbox 99 1664 944 1753; baseline 0.005 -23"><span class='ocrx_word' id='word_1_90' title='bbox 99 1664 195 1730; x_wconf 87' lang='lat' dir='ltr'><strong>Anne</strong></span> <span class='ocrx_word' id='word_1_91' title='bbox 218 1668 305 1751; x_wconf 92' lang='lat' dir='ltr'><strong>quod</strong></span> <span class='ocrx_word' id='word_1_92' title='bbox 327 1668 491 1734; x_wconf 81' lang='lat' dir='ltr'><strong>Euboicos</strong></span> <span class='ocrx_word' id='word_1_93' title='bbox 514 1668 621 1734; x_wconf 82' lang='lat' dir='ltr'><strong>fessus</strong></span> <span class='ocrx_word' id='word_1_94' title='bbox 645 1691 787 1734; x_wconf 88' lang='lat' dir='ltr'><strong>remeare</strong></span> <span class='ocrx_word' id='word_1_95' title='bbox 809 1674 944 1753; x_wconf 88' lang='lat' dir='ltr'><strong>penates</strong></span> 
     </span>
    </p>

    <p class='ocr_par' dir='ltr' id='par_1_7' title="bbox 98 1752 930 1842">
     <span class='ocr_line' id='line_1_16' title="bbox 98 1752 930 1842; baseline 0.002 -23"><span class='ocrx_word' id='word_1_96' title='bbox 98 1752 252 1840; x_wconf 79' lang='lat' dir='ltr'>Auguror</span> <span class='ocrx_word' id='word_1_97' title='bbox 275 1761 308 1822; x_wconf 88' lang='lat' dir='ltr'><strong>et</strong></span> <span class='ocrx_word' id='word_1_98' title='bbox 329 1758 437 1840; x_wconf 90' lang='lat' dir='ltr'><strong>patria</strong></span> <span class='ocrx_word' id='word_1_99' title='bbox 460 1758 584 1823; x_wconf 86' lang='lat' dir='ltr'><strong>senium</strong></span> <span class='ocrx_word' id='word_1_100' title='bbox 606 1778 800 1842; x_wconf 84' lang='lat' dir='ltr'><strong>componere</strong></span> <span class='ocrx_word' id='word_1_101' title='bbox 823 1758 930 1823; x_wconf 84' lang='lat' dir='ltr'><strong>terra?</strong></span> 
     </span>
    </p>

    <p class='ocr_par' dir='ltr' id='par_1_8' title="bbox 98 1841 859 1912">
     <span class='ocr_line' id='line_1_17' title="bbox 98 1841 859 1912; baseline 0.004 -4"><span class='ocrx_word' id='word_1_102' title='bbox 98 1841 165 1908; x_wconf 79' lang='lat' dir='ltr'><strong>Cur</strong></span> <span class='ocrx_word' id='word_1_103' title='bbox 187 1845 249 1910; x_wconf 85' lang='lat' dir='ltr'><strong>hoa</strong></span> <span class='ocrx_word' id='word_1_104' title='bbox 272 1845 366 1911; x_wconf 85' lang='lat' dir='ltr'><strong>triste</strong></span> <span class='ocrx_word' id='word_1_105' title='bbox 388 1846 472 1911; x_wconf 79' lang='lat' dir='ltr'><strong>tibi?</strong></span> <span class='ocrx_word' id='word_1_106' title='bbox 496 1850 583 1912; x_wconf 81' lang='lat' dir='ltr'><strong>certe</strong></span> <span class='ocrx_word' id='word_1_107' title='bbox 604 1846 742 1911; x_wconf 82' lang='lat' dir='ltr'><strong>lasciuia</strong></span> <span class='ocrx_word' id='word_1_108' title='bbox 765 1847 859 1912; x_wconf 82' lang='lat' dir='ltr'><strong>corde</strong></span> 
     </span>
    </p>

    <p class='ocr_par' dir='ltr' id='par_1_9' title="bbox 97 1929 1257 2111">
     <span class='ocr_line' id='line_1_18' title="bbox 97 1929 1257 2021; baseline 0.007 -23"><span class='ocrx_word' id='word_1_109' title='bbox 97 1929 207 2018; x_wconf 75' lang='lat' dir='ltr'><strong>Nulla,</strong></span> <span class='ocrx_word' id='word_1_110' title='bbox 229 1955 289 2001; x_wconf 84' lang='lat' dir='ltr'><strong>nee</strong></span> <span class='ocrx_word' id='word_1_111' title='bbox 312 1939 368 2000; x_wconf 86' lang='lat' dir='ltr'><strong>aut</strong></span> <span class='ocrx_word' id='word_1_112' title='bbox 389 1935 496 2001; x_wconf 86' lang='lat' dir='ltr'><strong>rabidi</strong></span> <span class='ocrx_word' id='word_1_113' title='bbox 517 1935 663 2001; x_wconf 79' lang='lat' dir='ltr'><strong>mulcent</strong></span> <span class='ocrx_word' id='word_1_114' title='bbox 683 1938 716 2000; x_wconf 87' lang='lat' dir='ltr'><strong>te</strong></span> <span class='ocrx_word' id='word_1_115' title='bbox 739 1936 863 2021; x_wconf 90' lang='lat' dir='ltr'><strong>proelia</strong></span> <span class='ocrx_word' id='word_1_116' title='bbox 886 1933 971 2002; x_wconf 73' lang='lat' dir='ltr'><strong>circi</strong></span> <span class='ocrx_word' id='word_1_117' title='bbox 1135 1955 1169 2005; x_wconf 87' lang='lat'><strong>15</strong></span> <span class='ocrx_word' id='word_1_118' title='bbox 1256 1980 1257 2005; x_wconf 64' lang='lat'>3</span> 
     </span>
     <span class='ocr_line' id='line_1_19' title="bbox 97 2021 877 2111; baseline 0.005 -25"><span class='ocrx_word' id='word_1_119' title='bbox 97 2021 166 2086; x_wconf 86' lang='lat' dir='ltr'><strong>Aut</strong></span> <span class='ocrx_word' id='word_1_120' title='bbox 188 2023 290 2088; x_wconf 85' lang='lat' dir='ltr'><strong>intrat</strong></span> <span class='ocrx_word' id='word_1_121' title='bbox 312 2045 425 2089; x_wconf 85' lang='lat' dir='ltr'><strong>sensus</strong></span> <span class='ocrx_word' id='word_1_122' title='bbox 449 2025 599 2090; x_wconf 79' lang='lat' dir='ltr'>damnosi</span> <span class='ocrx_word' id='word_1_123' title='bbox 621 2025 718 2090; x_wconf 88' lang='lat' dir='ltr'><strong>turba</strong></span> <span class='ocrx_word' id='word_1_124' title='bbox 741 2025 877 2111; x_wconf 80' lang='lat' dir='ltr'><strong>theatri3</strong></span> 
     </span>
    </p>

    <p class='ocr_par' dir='ltr' id='par_1_10' title="bbox 99 2108 1071 2376">
     <span class='ocr_line' id='line_1_20' title="bbox 99 2108 1033 2199; baseline 0.006 -26"><span class='ocrx_word' id='word_1_125' title='bbox 99 2108 162 2174; x_wconf 79' lang='lat' dir='ltr'><strong>Sed</strong></span> <span class='ocrx_word' id='word_1_126' title='bbox 183 2113 330 2195; x_wconf 89' lang='lat' dir='ltr'><strong>probitas</strong></span> <span class='ocrx_word' id='word_1_127' title='bbox 353 2116 387 2177; x_wconf 89' lang='lat' dir='ltr'><strong>et</strong></span> <span class='ocrx_word' id='word_1_128' title='bbox 410 2135 512 2197; x_wconf 85' lang='lat' dir='ltr'><strong>opaea</strong></span> <span class='ocrx_word' id='word_1_129' title='bbox 535 2114 625 2198; x_wconf 87' lang='lat' dir='ltr'><strong>quies</strong></span> <span class='ocrx_word' id='word_1_130' title='bbox 650 2118 682 2179; x_wconf 90' lang='lat' dir='ltr'><strong>et</strong></span> <span class='ocrx_word' id='word_1_131' title='bbox 706 2114 835 2179; x_wconf 87' lang='lat' dir='ltr'><strong>sordida</strong></span> <span class='ocrx_word' id='word_1_132' title='bbox 856 2135 1033 2199; x_wconf 81' lang='lat' dir='ltr'><strong>numquam</strong></span> 
     </span>
     <span class='ocr_line' id='line_1_21' title="bbox 99 2196 1071 2287; baseline 0.007 -26"><span class='ocrx_word' id='word_1_133' title='bbox 99 2196 234 2263; x_wconf 82' lang='lat' dir='ltr'><strong>Gaudia.</strong></span> <span class='ocrx_word' id='word_1_134' title='bbox 279 2222 359 2286; x_wconf 82' lang='lat' dir='ltr'><strong>quaa</strong></span> <span class='ocrx_word' id='word_1_135' title='bbox 383 2206 493 2267; x_wconf 88' lang='lat' dir='ltr'><strong>autem</strong></span> <span class='ocrx_word' id='word_1_136' title='bbox 516 2203 669 2267; x_wconf 83' lang='lat' dir='ltr'><strong>comitem</strong></span> <span class='ocrx_word' id='word_1_137' title='bbox 691 2205 724 2267; x_wconf 91' lang='lat' dir='ltr'><strong>te</strong></span> <span class='ocrx_word' id='word_1_138' title='bbox 747 2206 842 2287; x_wconf 87' lang='lat' dir='ltr'><strong>rapto</strong></span> <span class='ocrx_word' id='word_1_139' title='bbox 865 2204 1071 2286; x_wconf 77' lang='lat' dir='ltr'><strong>parandas?</strong></span> 
     </span>
     <span class='ocr_line' id='line_1_22' title="bbox 99 2285 1070 2376; baseline 0.007 -25"><span class='ocrx_word' id='word_1_140' title='bbox 99 2285 310 2373; x_wconf 80' lang='lat' dir='ltr'><strong>Quamquam,</strong></span> <span class='ocrx_word' id='word_1_141' title='bbox 333 2293 366 2353; x_wconf 92' lang='lat' dir='ltr'><strong>et</strong></span> <span class='ocrx_word' id='word_1_142' title='bbox 389 2290 417 2354; x_wconf 85' lang='lat' dir='ltr'><strong>si</strong></span> <span class='ocrx_word' id='word_1_143' title='bbox 442 2291 565 2376; x_wconf 79' lang='lat' dir='ltr'><strong>gelidas</strong></span> <span class='ocrx_word' id='word_1_144' title='bbox 587 2292 669 2356; x_wconf 84' lang='lat' dir='ltr'><strong>irem</strong></span> <span class='ocrx_word' id='word_1_145' title='bbox 692 2313 865 2357; x_wconf 85' lang='lat' dir='ltr'><strong>mansurus</strong></span> <span class='ocrx_word' id='word_1_146' title='bbox 889 2291 929 2355; x_wconf 87' lang='lat' dir='ltr'><strong>ad</strong></span> <span class='ocrx_word' id='word_1_147' title='bbox 952 2292 1070 2358; x_wconf 84' lang='lat' dir='ltr'><strong>Aratus</strong></span> 
     </span>
    </p>

    <p class='ocr_par' dir='ltr' id='par_1_11' title="bbox 97 2370 1168 2553">
     <span class='ocr_line' id='line_1_23' title="bbox 98 2370 1168 2465; baseline 0.008 -27"><span class='ocrx_word' id='word_1_148' title='bbox 98 2373 161 2439; x_wconf 90' lang='lat' dir='ltr'><strong>Uel</strong></span> <span class='ocrx_word' id='word_1_149' title='bbox 185 2399 281 2461; x_wconf 84' lang='lat' dir='ltr'><strong>super</strong></span> <span class='ocrx_word' id='word_1_150' title='bbox 304 2377 489 2463; x_wconf 81' lang='lat' dir='ltr'><strong>Hesperiae.</strong></span> <span class='ocrx_word' id='word_1_151' title='bbox 504 2379 589 2445; x_wconf 86' lang='lat' dir='ltr'><strong>uada</strong></span> <span class='ocrx_word' id='word_1_152' title='bbox 611 2370 787 2465; x_wconf 79' lang='lat' dir='ltr'>caligantia</span> <span class='ocrx_word' id='word_1_153' title='bbox 805 2370 947 2444; x_wconf 67' lang='lat' dir='ltr'><strong>Th‘ulea</strong></span> <span class='ocrx_word' id='word_1_154' title='bbox 1133 2400 1168 2447; x_wconf 77' lang='lat'><strong>20</strong></span> 
     </span>
     <span class='ocr_line' id='line_1_24' title="bbox 97 2461 917 2553; baseline 0.005 -26"><span class='ocrx_word' id='word_1_155' title='bbox 97 2461 166 2528; x_wconf 79' lang='lat' dir='ltr'><strong>Aut</strong></span> <span class='ocrx_word' id='word_1_156' title='bbox 189 2468 437 2552; x_wconf 72' lang='lat' dir='ltr'><strong>septemgemini</strong></span> <span class='ocrx_word' id='word_1_157' title='bbox 460 2472 559 2552; x_wconf 85' lang='lat' dir='ltr'><strong>eaput</strong></span> <span class='ocrx_word' id='word_1_158' title='bbox 579 2469 816 2553; x_wconf 77' lang='lat' dir='ltr'><strong>inpenetrabile</strong></span> <span class='ocrx_word' id='word_1_159' title='bbox 838 2467 917 2552; x_wconf 86' lang='lat' dir='ltr'><strong>Nili,</strong></span> 
     </span>
    </p>

    <p class='ocr_par' dir='ltr' id='par_1_12' title="bbox 97 2551 922 2642">
     <span class='ocr_line' id='line_1_25' title="bbox 97 2551 922 2642; baseline 0.005 -25"><span class='ocrx_word' id='word_1_160' title='bbox 97 2551 257 2619; x_wconf 86' lang='lat' dir='ltr'><strong>Partirere</strong></span> <span class='ocrx_word' id='word_1_161' title='bbox 280 2556 359 2619; x_wconf 76' lang='lat' dir='ltr'><strong>uiae.</strong></span> <span class='ocrx_word' id='word_1_162' title='bbox 405 2558 524 2623; x_wconf 88' lang='lat' dir='ltr'><strong>etenim</strong></span> <span class='ocrx_word' id='word_1_163' title='bbox 546 2561 604 2621; x_wconf 88' lang='lat' dir='ltr'><strong>tua</strong></span> <span class='ocrx_word' id='word_1_164' title='bbox 626 2556 756 2642; x_wconf 84' lang='lat' dir='ltr'><strong>(nempe</strong></span> <span class='ocrx_word' id='word_1_165' title='bbox 779 2558 922 2642; x_wconf 78' lang='lat' dir='ltr'><strong>benigna</strong></span> 
     </span>
    </p>

    <p class='ocr_par' dir='ltr' id='par_1_13' title="bbox 80 2640 1055 2821">
     <span class='ocr_line' id='line_1_26' title="bbox 80 2640 1054 2717; baseline 0.006 -12"><span class='ocrx_word' id='word_1_166' title='bbox 80 2640 204 2717; x_wconf 59' lang='lat' dir='ltr'><strong>‘Quam</strong></span> <span class='ocrx_word' id='word_1_167' title='bbox 227 2644 308 2708; x_wconf 94' lang='lat' dir='ltr'><strong>mihi</strong></span> <span class='ocrx_word' id='word_1_168' title='bbox 333 2648 420 2710; x_wconf 84' lang='lat' dir='ltr'><strong>sorte</strong></span> <span class='ocrx_word' id='word_1_169' title='bbox 443 2645 555 2712; x_wconf 80' lang='lat' dir='ltr'><strong>Uenus</strong></span> <span class='ocrx_word' id='word_1_170' title='bbox 578 2647 723 2711; x_wconf 79' lang='lat' dir='ltr'><strong>iunctam</strong></span> <span class='ocrx_word' id='word_1_171' title='bbox 747 2646 936 2711; x_wconf 87' lang='lat' dir='ltr'><strong>florentibus</strong></span> <span class='ocrx_word' id='word_1_172' title='bbox 961 2648 1054 2711; x_wconf 87' lang='lat' dir='ltr'><strong>annis</strong></span> 
     </span>
     <span class='ocr_line' id='line_1_27' title="bbox 102 2727 1055 2821; baseline 0.005 -27"><span class='ocrx_word' id='word_1_173' title='bbox 102 2727 219 2795; x_wconf 83' lang='lat' dir='ltr'><strong>Seruat</strong></span> <span class='ocrx_word' id='word_1_174' title='bbox 241 2736 273 2796; x_wconf 91' lang='lat' dir='ltr'><strong>et</strong></span> <span class='ocrx_word' id='word_1_175' title='bbox 295 2733 331 2797; x_wconf 90' lang='lat' dir='ltr'><strong>in</strong></span> <span class='ocrx_word' id='word_1_176' title='bbox 355 2732 504 2821; x_wconf 80' lang='lat' dir='ltr'><strong>senium),</strong></span> <span class='ocrx_word' id='word_1_177' title='bbox 527 2738 592 2819; x_wconf 86' lang='lat' dir='ltr'><strong>tua,</strong></span> <span class='ocrx_word' id='word_1_178' title='bbox 617 2756 699 2819; x_wconf 89' lang='lat' dir='ltr'><strong>quae</strong></span> <span class='ocrx_word' id='word_1_179' title='bbox 722 2756 773 2799; x_wconf 90' lang='lat' dir='ltr'><strong>me</strong></span> <span class='ocrx_word' id='word_1_180' title='bbox 796 2736 928 2800; x_wconf 87' lang='lat' dir='ltr'><strong>uulnere</strong></span> <span class='ocrx_word' id='word_1_181' title='bbox 950 2736 1055 2819; x_wconf 85' lang='lat' dir='ltr'><strong>primo</strong></span> 
     </span>
    </p>
   </div>
   <div class='ocr_carea' id='block_1_4' title="bbox 96 2928 310 2939">
    <p class='ocr_par' dir='ltr' id='par_1_14' title="bbox 96 2928 310 2939">
     <span class='ocr_line' id='line_1_28' title="bbox 96 2928 310 2939; baseline 0.005 -2"><span class='ocrx_word' id='word_1_182' title='bbox 96 2928 310 2939; x_wconf 77' lang='lat'><em>—-.--...-.—-.</em></span> 
     </span>
    </p>
   </div>
   <div class='ocr_carea' id='block_1_5' title="bbox 96 3046 1168 3544">
    <p class='ocr_par' dir='ltr' id='par_1_15' title="bbox 96 3046 1168 3544">
     <span class='ocr_line' id='line_1_29' title="bbox 168 3046 1167 3121; baseline 0.004 -20"><span class='ocrx_word' id='word_1_183' title='bbox 168 3046 203 3102; x_wconf 88' lang='lat' dir='ltr'><strong>V.</strong></span> <span class='ocrx_word' id='word_1_184' title='bbox 230 3047 341 3119; x_wconf 81' lang='lat' dir='ltr'><strong>Egloga</strong></span> <span class='ocrx_word' id='word_1_185' title='bbox 363 3048 400 3108; x_wconf 83' lang='lat' dir='ltr'><strong>ad</strong></span> <span class='ocrx_word' id='word_1_186' title='bbox 421 3064 536 3104; x_wconf 83' lang='lat' dir='ltr'><strong>uxorem</strong></span> <span class='ocrx_word' id='word_1_187' title='bbox 559 3055 576 3101; x_wconf 97' lang='grc'><strong>0</strong></span> <span class='ocrx_word' id='word_1_188' title='bbox 600 3049 644 3104; x_wconf 83' lang='lat' dir='ltr'><strong>Ad</strong></span> <span class='ocrx_word' id='word_1_189' title='bbox 668 3049 814 3105; x_wconf 84' lang='lat' dir='ltr'><strong>Claudiam</strong></span> <span class='ocrx_word' id='word_1_190' title='bbox 838 3055 856 3105; x_wconf 78' lang='grc' dir='ltr'><strong>ς</strong></span> <span class='ocrx_word' id='word_1_191' title='bbox 875 3070 893 3103; x_wconf 73' lang='lat' dir='ltr'><strong>a</strong></span> <span class='ocrx_word' id='word_1_192' title='bbox 909 3054 919 3121; x_wconf 95' lang='grc'>1</span> <span class='ocrx_word' id='word_1_193' title='bbox 939 3059 952 3105; x_wconf 85' lang='lat'>1</span> <span class='ocrx_word' id='word_1_194' title='bbox 973 3051 1045 3117; x_wconf 82' lang='lat' dir='ltr'><strong>Quid</strong></span> <span class='ocrx_word' id='word_1_195' title='bbox 1069 3052 1167 3106; x_wconf 68' lang='lat' dir='ltr'><strong>Dm:</strong></span> 
     </span>
     <span class='ocr_line' id='line_1_30' title="bbox 99 3116 1166 3193; baseline 0.004 -20"><span class='ocrx_word' id='word_1_196' title='bbox 99 3116 166 3184; x_wconf 83' lang='lat' dir='ltr'><strong>Quia</strong></span> <span class='ocrx_word' id='word_1_197' title='bbox 183 3122 207 3171; x_wconf 77' lang='grc' dir='ltr'><strong>Δ</strong></span> <span class='ocrx_word' id='word_1_198' title='bbox 226 3124 243 3170; x_wconf 97' lang='grc'><strong>0</strong></span> <span class='ocrx_word' id='word_1_199' title='bbox 261 3120 305 3188; x_wconf 83' lang='grc'><strong>10</strong></span> <span class='ocrx_word' id='word_1_200' title='bbox 324 3119 377 3174; x_wconf 87' lang='lat' dir='ltr'><strong>hoe</strong></span> <span class='ocrx_word' id='word_1_201' title='bbox 395 3123 419 3172; x_wconf 77' lang='grc' dir='ltr'><strong>Δ</strong></span> <span class='ocrx_word' id='word_1_202' title='bbox 437 3125 467 3172; x_wconf 82' lang='grc'><strong>0;</strong></span> <span class='ocrx_word' id='word_1_203' title='bbox 486 3120 557 3174; x_wconf 82' lang='lat' dir='ltr'><strong>haee</strong></span> <span class='ocrx_word' id='word_1_204' title='bbox 576 3124 594 3175; x_wconf 81' lang='grc' dir='ltr'><strong>ς</strong></span> <span class='ocrx_word' id='word_1_205' title='bbox 612 3123 622 3191; x_wconf 95' lang='grc'>1</span> <span class='ocrx_word' id='word_1_206' title='bbox 642 3126 656 3174; x_wconf 75' lang='grc'>1</span> <span class='ocrx_word' id='word_1_207' title='bbox 676 3121 796 3177; x_wconf 82' lang='lat' dir='ltr'><strong>emensis</strong></span> <span class='ocrx_word' id='word_1_208' title='bbox 816 3122 974 3191; x_wconf 65' lang='grc'>0111011119</span> <span class='ocrx_word' id='word_1_209' title='bbox 995 3122 1166 3193; x_wconf 76' lang='lat' dir='ltr'><strong>inperfectae</strong></span> 
     </span>
     <span class='ocr_line' id='line_1_31' title="bbox 96 3188 1168 3263; baseline 0.004 -19"><span class='ocrx_word' id='word_1_210' title='bbox 96 3191 181 3244; x_wconf 70' lang='lat' dir='ltr'><strong>ideam</strong></span> <span class='ocrx_word' id='word_1_211' title='bbox 198 3188 363 3245; x_wconf 77' lang='lat' dir='ltr'><strong>intersectas</strong></span> <span class='ocrx_word' id='word_1_212' title='bbox 381 3191 437 3255; x_wconf 80' lang='lat' dir='ltr'><strong>(uel</strong></span> <span class='ocrx_word' id='word_1_213' title='bbox 454 3190 628 3260; x_wconf 77' lang='lat' dir='ltr'><strong>interfectae)</strong></span> <span class='ocrx_word' id='word_1_214' title='bbox 647 3197 665 3243; x_wconf 92' lang='grc'><strong>0</strong></span> <span class='ocrx_word' id='word_1_215' title='bbox 683 3210 700 3244; x_wconf 79' lang='lat' dir='ltr'><strong>a</strong></span> <span class='ocrx_word' id='word_1_216' title='bbox 713 3194 723 3262; x_wconf 94' lang='grc'><strong>11</strong></span> <span class='ocrx_word' id='word_1_217' title='bbox 737 3197 771 3246; x_wconf 88' lang='grc'><strong>10</strong></span> <span class='ocrx_word' id='word_1_218' title='bbox 790 3192 910 3263; x_wconf 88' lang='lat' dir='ltr'><strong>armata]</strong></span> <span class='ocrx_word' id='word_1_219' title='bbox 931 3193 1031 3248; x_wconf 82' lang='lat' dir='ltr'><strong>orbata</strong></span> <span class='ocrx_word' id='word_1_220' title='bbox 1044 3194 1168 3259; x_wconf 68' lang='lat' dir='ltr'><strong>Marti,-</strong></span> 
     </span>
     <span class='ocr_line' id='line_1_32' title="bbox 96 3261 1168 3333; baseline 0.004 -18"><span class='ocrx_word' id='word_1_221' title='bbox 96 3262 191 3316; x_wconf 76' lang='lat' dir='ltr'><strong>malim</strong></span> <span class='ocrx_word' id='word_1_222' title='bbox 210 3261 336 3316; x_wconf 88' lang='lat' dir='ltr'><strong>animata</strong></span> <span class='ocrx_word' id='word_1_223' title='bbox 352 3262 364 3331; x_wconf 93' lang='grc'>1</span> <span class='ocrx_word' id='word_1_224' title='bbox 383 3267 416 3315; x_wconf 82' lang='grc'>14</span> <span class='ocrx_word' id='word_1_225' title='bbox 434 3261 512 3317; x_wconf 81' lang='lat' dir='ltr'><strong>cordi</strong></span> <span class='ocrx_word' id='word_1_226' title='bbox 529 3262 608 3317; x_wconf 86' lang='lat' dir='ltr'><strong>Dom.</strong></span> <span class='ocrx_word' id='word_1_227' title='bbox 623 3264 634 3331; x_wconf 95' lang='grc'>1</span> <span class='ocrx_word' id='word_1_228' title='bbox 649 3269 681 3317; x_wconf 80' lang='lat'><strong>15</strong></span> <span class='ocrx_word' id='word_1_229' title='bbox 700 3264 792 3333; x_wconf 83' lang='lat' dir='ltr'><strong>rapidi</strong></span> <span class='ocrx_word' id='word_1_230' title='bbox 811 3270 829 3315; x_wconf 86' lang='grc'><strong>0</strong></span> <span class='ocrx_word' id='word_1_231' title='bbox 847 3282 872 3331; x_wconf 80' lang='lat' dir='ltr'><strong>a,</strong></span> <span class='ocrx_word' id='word_1_232' title='bbox 891 3280 958 3319; x_wconf 80' lang='lat' dir='ltr'><strong>eorr.</strong></span> <span class='ocrx_word' id='word_1_233' title='bbox 984 3264 1168 3331; x_wconf 72' lang='lat' dir='ltr'><strong>Wakefieldas</strong></span> 
     </span>
     <span class='ocr_line' id='line_1_33' title="bbox 97 3330 1167 3404; baseline 0.006 -19"><span class='ocrx_word' id='word_1_234' title='bbox 97 3330 107 3399; x_wconf 95' lang='grc'><strong>11</strong></span> <span class='ocrx_word' id='word_1_235' title='bbox 126 3338 159 3385; x_wconf 81' lang='grc'>16</span> <span class='ocrx_word' id='word_1_236' title='bbox 178 3331 307 3387; x_wconf 79' lang='lat' dir='ltr'><strong>damnosi</strong></span> <span class='ocrx_word' id='word_1_237' title='bbox 328 3334 428 3400; x_wconf 73' lang='lat' dir='ltr'><strong>scripsi</strong></span> <span class='ocrx_word' id='word_1_238' title='bbox 450 3333 467 3386; x_wconf 86' lang='lat' dir='ltr'><strong>l.</strong></span> <span class='ocrx_word' id='word_1_239' title='bbox 492 3333 509 3387; x_wconf 83' lang='lat' dir='ltr'><strong>l.</strong></span> <span class='ocrx_word' id='word_1_240' title='bbox 528 3350 558 3401; x_wconf 81' lang='lat' dir='ltr'><strong>p.</strong></span> <span class='ocrx_word' id='word_1_241' title='bbox 583 3338 655 3389; x_wconf 81' lang='lat'><em>256:</em></span> <span class='ocrx_word' id='word_1_242' title='bbox 679 3335 795 3389; x_wconf 83' lang='lat' dir='ltr'><strong>clamosi</strong></span> <span class='ocrx_word' id='word_1_243' title='bbox 814 3340 831 3386; x_wconf 94' lang='grc'><strong>0</strong></span> <span class='ocrx_word' id='word_1_244' title='bbox 850 3353 867 3386; x_wconf 80' lang='lat' dir='ltr'><strong>a</strong></span> <span class='ocrx_word' id='word_1_245' title='bbox 882 3336 887 3403; x_wconf 93' lang='grc'>1</span> <span class='ocrx_word' id='word_1_246' title='bbox 903 3350 969 3391; x_wconf 82' lang='lat' dir='ltr'><strong>cura</strong></span> <span class='ocrx_word' id='word_1_247' title='bbox 989 3334 1093 3390; x_wconf 80' lang='lat' dir='ltr'><strong>Marll.</strong></span> <span class='ocrx_word' id='word_1_248' title='bbox 1107 3337 1117 3404; x_wconf 95' lang='grc'><strong>11</strong></span> <span class='ocrx_word' id='word_1_249' title='bbox 1131 3342 1167 3391; x_wconf 82' lang='lat'><strong>20</strong></span> 
     </span>
     <span class='ocr_line' id='line_1_34' title="bbox 96 3401 1167 3474; baseline 0.006 -21"><span class='ocrx_word' id='word_1_250' title='bbox 96 3401 190 3456; x_wconf 77' lang='lat' dir='ltr'><strong>thules</strong></span> <span class='ocrx_word' id='word_1_251' title='bbox 208 3407 242 3470; x_wconf 75' lang='lat' dir='ltr'><strong>A,</strong></span> <span class='ocrx_word' id='word_1_252' title='bbox 268 3408 301 3456; x_wconf 81' lang='lat' dir='ltr'><strong>ut</strong></span> <span class='ocrx_word' id='word_1_253' title='bbox 322 3402 396 3456; x_wconf 65' lang='lat' dir='ltr'><strong>uia:</strong></span> <span class='ocrx_word' id='word_1_254' title='bbox 413 3402 498 3458; x_wconf 68' lang='lat' dir='ltr'><strong>thilen</strong></span> <span class='ocrx_word' id='word_1_255' title='bbox 517 3405 558 3471; x_wconf 88' lang='grc'>011</span> <span class='ocrx_word' id='word_1_256' title='bbox 571 3410 604 3457; x_wconf 82' lang='lat'><strong>21</strong></span> <span class='ocrx_word' id='word_1_257' title='bbox 625 3405 829 3473; x_wconf 86' lang='lat' dir='ltr'><strong>inpenetrabile</strong></span> <span class='ocrx_word' id='word_1_258' title='bbox 848 3411 883 3459; x_wconf 75' lang='lat' dir='ltr'><strong>A:</strong></span> <span class='ocrx_word' id='word_1_259' title='bbox 905 3408 937 3460; x_wconf 89' lang='lat' dir='ltr'><strong>ut</strong></span> <span class='ocrx_word' id='word_1_260' title='bbox 954 3405 1129 3474; x_wconf 85' lang='lat' dir='ltr'><strong>penetrabile</strong></span> <span class='ocrx_word' id='word_1_261' title='bbox 1148 3413 1167 3459; x_wconf 87' lang='grc'><strong>0</strong></span> 
     </span>
     <span class='ocr_line' id='line_1_35' title="bbox 96 3469 1026 3544; baseline 0.009 -21"><span class='ocrx_word' id='word_1_262' title='bbox 96 3469 106 3541; x_wconf 93' lang='grc'><strong>11</strong></span> <span class='ocrx_word' id='word_1_263' title='bbox 124 3476 158 3524; x_wconf 78' lang='lat'><strong>22</strong></span> <span class='ocrx_word' id='word_1_264' title='bbox 176 3470 316 3527; x_wconf 88' lang='lat' dir='ltr'><strong>Partirere</strong></span> <span class='ocrx_word' id='word_1_265' title='bbox 334 3474 434 3542; x_wconf 70' lang='lat' dir='ltr'><strong>aeru&#39;pa</strong></span> <span class='ocrx_word' id='word_1_266' title='bbox 451 3474 468 3528; x_wconf 86' lang='lat' dir='ltr'><strong>l.</strong></span> <span class='ocrx_word' id='word_1_267' title='bbox 488 3474 520 3528; x_wconf 78' lang='lat' dir='ltr'><strong>t:</strong></span> <span class='ocrx_word' id='word_1_268' title='bbox 538 3474 689 3531; x_wconf 85' lang='lat' dir='ltr'><strong>Hortarere</strong></span> <span class='ocrx_word' id='word_1_269' title='bbox 708 3482 725 3528; x_wconf 94' lang='grc'><strong>0</strong></span> <span class='ocrx_word' id='word_1_270' title='bbox 744 3477 831 3544; x_wconf 65' lang='grc'>01114</span> <span class='ocrx_word' id='word_1_271' title='bbox 850 3475 949 3531; x_wconf 75' lang='lat' dir='ltr'><strong>seruet</strong></span> <span class='ocrx_word' id='word_1_272' title='bbox 966 3476 1026 3531; x_wconf 79' lang='lat' dir='ltr'><strong>edd.</strong></span> 
     </span>
    </p>
   </div>
   <div class='ocr_carea' id='block_1_6' title="bbox 0 0 1264 3925">
    <p class='ocr_par' dir='ltr' id='par_1_16' title="bbox 0 0 1264 3925">
     <span class='ocr_line' id='line_1_36' title="bbox 0 0 1264 3925; baseline 0 2"><span class='ocrx_word' id='word_1_273' title='bbox 0 0 1264 3925; x_wconf 95' lang='lat' dir='ltr'><strong> </strong></span> 
     </span>
    </p>
   </div>
  </div>
 </body>
</html>
