2517 3925
475 245 811 318 sinuessanus.
1108 247 1173 312 149

102 390 215 455 Lanea
237 388 289 455 cui
312 389 450 475 Phrygii
473 412 567 456 coma
588 390 739 476 flaminis,
762 395 796 457 et
815 395 874 457 tua
895 393 1036 457 multum

101 478 249 545 Uerbera
272 479 427 546 succincti
449 479 664 545 formidauere
686 479 834 565 Luperci.

100 567 148 633 Et
170 588 258 633 nunc
281 589 321 633 ex
342 567 399 633 illo
421 568 536 633 forsan
558 588 657 654 grege
680 569 833 655 gentibus
855 570 939 635 alter
1121 584 1172 635 185

98 655 180 722 Iura
202 656 259 721 dat
280 654 369 741 Eois,
392 657 476 721 aiter
498 657 676 741 compescit
697 656 849 742 Hiberos,

99 743 200 811 Alter
221 744 477 811 Achaemenium
500 745 636 811 secludit
657 744 834 832 Zeugmate
856 747 988 833 Persen,

99 832 148 900 Hi
171 834 255 899 dites
277 833 376 899 Asiae
398 835 547 919 populos,
568 835 605 899 hi
626 832 764 900 Pontica
784 835 925 915 frenant,

99 921 148 989 Hi
168 923 240 989 fora
261 922 405 1007 pacificis
429 922 604 988 emendant
625 923 781 1008 fascibus,
802 923 852 987 illi

102 1010 222 1079 Castra
243 1011 300 1095 pia
323 1012 463 1077 statione
476 1015 603 1077 tenent:
625 1014 664 1076 tu
681 1012 787 1077 laudis
804 1014 906 1098 origo.

100 1099 182 1166 Non
205 1099 267 1165 tibi
290 1103 471 1165 certassent
492 1099 651 1166 iuuenilia
672 1101 794 1186 fingere
817 1102 917 1167 corda

99 1187 225 1254 Nestor
248 1192 281 1253 et
302 1188 454 1255 indomiti
476 1188 623 1254 Phoenix
645 1189 830 1255 moderator
851 1190 974 1255 alumm

102 1277 239 1362 Quique
253 1278 350 1343 tubas
373 1298 463 1343 acres
486 1278 650 1362 lituosque
674 1278 785 1344 audire
807 1280 974 1345 uolentem

100 1366 269 1431 Aeaciden
292 1366 357 1431 alio
378 1366 555 1452 frangebat
577 1368 721 1432 carmine
744 1364 875 1434 Chiron.
1011 1439 1014 1445 ,

101 1454 199 1520 Talia
222 1454 299 1519 dum
322 1456 474 1540 celebras,
497 1455 640 1521 subitam
663 1456 770 1522 ciuilis
786 1455 908 1542 Erinys

101 1542 245 1628 Tarpeio
269 1544 308 1608 de
331 1546 442 1609 monte
464 1544 569 1609 facem
591 1543 836 1630 Phlegraeaque
857 1547 962 1610 mouit

100 1631 241 1699 Praelia.
288 1632 455 1718 sacrilegis
478 1634 589 1699 lucent
611 1630 775 1718 Capitolia
791 1633 908 1718 taedis,

99 1720 148 1786 Et
172 1718 337 1787 Senonum
359 1721 462 1787 furias
484 1720 598 1787 Latiae
616 1744 784 1807 sumpsere
802 1722 961 1789 cohortes.

100 1809 168 1875 Uix
191 1810 319 1895 requies
342 1810 492 1877 flammae
515 1810 656 1876 necdum
677 1832 777 1896 rogus
804 1811 860 1875 ilie
882 1811 1016 1876 deorum

103 1897 242 1985 Siderat,
266 1899 380 1966 excisis
404 1921 478 1966 cum
500 1902 538 1966 tu
561 1900 681 1968 solatia
701 1899 834 1985 templis

100 1987 249 2075 Impiger
272 1990 306 2053 et
328 1989 466 2054 multum
488 1989 615 2055 facibus
637 1990 780 2055 uelocior
800 1989 882 2074 ipsis

103 2075 260 2144 Concinis
285 2099 341 2143 ore
363 2078 416 2162 pio
440 2079 633 2163 captiuaque
650 2078 789 2144 fulmina
810 2078 918 2143 defles.

100 2164 268 2232 Mirantur
290 2164 375 2231 latii
397 2187 548 2252 proceres
566 2168 717 2251 ultorque
739 2167 873 2232 deorum

102 2253 235 2339 Cacsar,
258 2257 291 2319 et
313 2276 330 2319 e
352 2256 459 2322 medio
482 2256 594 2320 diuum
615 2260 712 2340 pater
733 2256 848 2321 annuit
864 2255 944 2341 igni.

101 2343 239 2427 Iamque
262 2347 295 2408 et
316 2343 393 2408 flere
416 2345 471 2428 pio
494 2342 642 2412 Uesuina
663 2345 815 2410 incendia
837 2347 936 2410 cantu

101 2431 199 2496 Mens
224 2435 294 2496 erat
318 2436 351 2497 et
373 2433 529 2518 gemitum
551 2434 668 2518 patriis
691 2434 877 2518 impendere
896 2432 1036 2517 damnis,

103 2518 188 2586 Cum
211 2524 305 2606 pater
327 2525 511 2606 exemptum
533 2523 629 2588 terris
653 2522 695 2586 ad
718 2522 824 2588 sidera
846 2526 990 2588 montem

103 2607 247 2676 Sustulit
270 2612 304 2674 et
324 2609 391 2674 late
414 2610 550 2676 miserae
574 2610 691 2677 deiecit
712 2611 749 2676 in
772 2611 877 2676 urbes.

101 2697 158 2763 Me
182 2719 309 2783 quoque
331 2700 461 2764 uocales
483 2701 574 2764 lucos
597 2697 785 2783 Boeotaque
808 2703 918 2783 tempe

100 2785 305 2871 Pulsantem‚
327 2808 399 2851 cum
424 2787 524 2872 stirpe
547 2791 605 2854 tua
624 2787 816 2853 descendere
835 2787 910 2871 dixi,
1124 2800 1176 2850 210

104 2875 276 2940 Admisere
298 2874 391 2960 deae3
412 2897 472 2941 nec
495 2875 582 2941 enim
606 2876 669 2941 sibi
693 2876 800 2941 sidera
821 2879 949 2940 tantum

179 3143 230 3194 183
250 3137 305 3193 (tor
322 3137 401 3208 frigii
418 3139 507 3194 lateat
526 3153 607 3194 coma
626 3143 644 3190 c
662 3157 693 3206 a,
712 3153 781 3194 corr.
800 3140 967 3208 Auentinen
981 3143 1032 3193 18⁷
1050 3139 1177 3192 neumata

103 3214 122 3260 c
142 3226 160 3261 ι
172 3210 183 3279 q
197 3214 249 3264 19⁷
272 3209 346 3264 tedis
367 3214 385 3263 ς
404 3226 434 3264 a:
453 3209 547 3264 rhedis
566 3214 584 3260 0
598 3211 608 3279 t
623 3214 674 3264 199
693 3209 809 3264 deorum
828 3214 858 3263 0:
882 3211 1001 3264 duorum
1019 3213 1038 3264 ς
1056 3227 1075 3261 a
1093 3209 1104 3277 fl
1123 3213 1175 3262 202

9 3323 10 3330 ,
103 3278 237 3350 concipis
252 3280 359 3336 Marti.
373 3281 383 3349 ΙΙ
397 3286 449 3335 205
467 3280 632 3334 uesuuinac
652 3299 669 3332 a
681 3281 692 3349 u
705 3286 756 3335 207
770 3284 896 3336 montem
909 3286 945 3334 A:
963 3280 1086 3334 montet
1099 3280 1110 3347 t
1123 3282 1175 3332 209

9 3337 11 3404 Ὗ
101 3350 268 3421 Boeotaque
290 3352 405 3420 scripsi:
427 3351 561 3422 luotaque
585 3350 623 3404 A*
646 3351 780 3422 iactaque
803 3352 982 3421 collataque
1005 3354 1023 3401 c
1045 3350 1176 3404 lustrata-

102 3421 251 3491 queDom.
265 3423 276 3492 fl
288 3428 341 3477 211
361 3421 416 3476 sibi
433 3423 547 3492 scripsi:
564 3421 636 3476 mihi
654 3427 672 3473 ο
691 3439 709 3474 ι
726 3419 797 3476 mihi
815 3441 836 3477 s.
854 3422 928 3476 tanti
945 3423 979 3475 A
998 3436 1022 3475 c.
1040 3422 1071 3489 t,
1090 3435 1176 3489 quam

101 3493 285 3563 mordebere,
304 3510 332 3563 p.
352 3493 459 3548 Marti.
