2517 3925
146 194 211 250 xlv
447 190 618 248 EDITORIS
636 192 852 251 PRAEFATIO.

220 336 371 403 Frustra
403 359 606 423 speraveram
633 338 705 404 fore
731 342 769 403 ut
797 360 837 403 ex
868 337 1032 403 thesauris
1059 336 1167 403 Musei

145 426 329 491 Britannici
351 446 437 491 nova
460 424 605 493 subsidia
628 427 710 491 mihi
733 430 1008 511 compararentur.
1056 425 1120 493 Sed
1144 449 1166 491 a

147 515 368 599 lbompscnio,
399 514 469 580 viro
503 536 647 581 summae
679 516 888 581 liberalitatis
924 515 1167 601 doctrinaeque,

146 604 265 670 certior
296 602 402 669 factus
437 602 477 668 da
509 604 661 669 omnibus
694 607 854 688 quotquot
886 607 1098 670 assumantur
1128 604 1166 668 in

146 691 345 759 bibliotheca
367 692 450 757 Mus.
473 692 555 757 Brit.
577 693 782 777 amplissima
804 692 985 777 codicibus,
1007 712 1166 776 magnum

146 802 187 845 ex
209 781 255 846 eis
279 781 503 846 adiumentum
526 787 713 866 exspectare
736 782 855 847 destiti.
883 780 966 847 (lum
989 781 1076 845 enim
1094 782 1165 865 ple-

145 870 237 955 rique
264 890 393 934 versum
421 872 566 954 spurium
594 872 629 934 in
656 871 721 936 fine
748 870 900 935 carminis
924 868 1100 935 exhibeant
1124 891 1166 934 ac

147 957 352 1024 deterrimam
383 957 542 1023 librorum
575 958 839 1025 distributionem
866 957 1166 1043 quinquepartitam

147 1047 223 1113 dare
251 1046 435 1129 videantur,
461 1048 571 1112 nullus
598 1068 676 1112 vero
704 1048 791 1112 ultra
818 1068 900 1112 saec.
922 1046 1055 1113 tertium
1077 1045 1166 1111 deci·
1220 1114 1228 1121 ,

145 1157 234 1201 mum
265 1135 433 1220 ascendat,
463 1136 590 1201 fructus
620 1158 660 1201 ex
689 1135 756 1200 illis
790 1137 845 1202 vix
878 1135 1003 1220 percipi
1031 1135 1165 1219 poterit.

145 1223 239 1289 Addo
273 1221 374 1309 (quod
400 1224 599 1309 benignitati
626 1224 716 1290 Aera.
738 1224 928 1290 Baetreraoii
949 1221 1081 1310 debeo),
1109 1244 1165 1289 ex·

145 1316 231 1377 stare
266 1311 408 1376 codicem
437 1312 571 1377 miscell.
602 1312 789 1378 Etcamsem
815 1313 870 1379 Bl.
893 1315 966 1379 6.5
998 1332 1080 1377 sace
1103 1334 1166 1376 un·

145 1400 274 1483 decimi,
294 1399 535 1466 characteribus
553 1401 793 1487 longobardicis
811 1401 880 1468 foll.
901 1401 1030 1468 18-37
1051 1400 1165 1466 Achil-

144 1488 230 1553 leida
253 1487 586 1572 comprehendentem.

234 1575 358 1654 Quibus
395 1578 550 1661 expositis
583 1578 679 1644 venio
716 1599 803 1644 nunc
840 1580 882 1644 ad
917 1579 1005 1644 viros
1038 1578 1166 1662 doctos,

144 1667 199 1751 qui
223 1665 262 1730 de
280 1664 460 1731 Achilleide
482 1667 565 1732 bene
587 1666 771 1732 meruerint.
821 1667 903 1733 Post
924 1667 1166 1733 Mamaeam

143 1759 177 1820 st
205 1754 391 1839 Aeantium,
422 1757 498 1839 post
526 1755 747 1839 Bernartium,
778 1755 1053 1839 Lindenbropiam,
1081 1753 1165 1820 Gra

142 1844 269 1909 cociam
290 1864 412 1929 magna
434 1848 512 1909 sunt
534 1845 569 1909 in
584 1843 767 1910 Achilleida
788 1844 906 1911 merita
919 1844 1047 1910 Nicolui
1061 1843 1166 1908 Hein-

142 1934 184 1998 sii
210 1936 244 1998 et
270 1930 423 1998 Balara·
449 1932 587 2018 Bentlei,
620 1932 677 2019 qui
704 1955 802 2017 quam
830 1954 929 2018 saepe
961 1932 1060 1998 etiam
1088 1931 1165 1998 sine

143 2021 290 2088 codicum
323 2021 473 2087 subsidiis
508 2044 567 2088 suo
599 2023 732 2108 ingenio
765 2023 963 2088 rectissimas
999 2022 1163 2087 lectiones
1248 2050 1249 2069 κ

142 2110 339 2192 invenerint,
365 2112 536 2195 permultis
566 2112 647 2177 locis
680 2112 874 2176 auctoritate
901 2111 1100 2194 optimorum
1122 2111 1163 2174 li-

142 2199 274 2264 brorum
296 2196 388 2264 MSS.
407 2201 623 2280 confirmatur.
660 2197 790 2265 Heinsii
808 2199 1049 2265 emendationes
1073 2199 1164 2263 etin

143 2285 373 2353 ‘Adversariis'
396 2289 484 2373 typis
508 2309 678 2373 expressas
697 2289 783 2354 etin
802 2289 949 2374 margine
964 2286 1162 2372 exemplaris

143 2375 294 2441 editionis
316 2374 619 2463 Lindenbrogianae
639 2375 865 2462 Gottingensis
884 2379 1049 2441 exstantes
1068 2375 1163 2440 Men-

141 2464 215 2529 kius
242 2464 493 2549 diligentissime
524 2466 678 2531 collectas
706 2468 740 2530 et
766 2464 945 2550 descriptas
968 2465 1003 2528 in
1030 2464 1162 2529 schedis
1244 2496 1245 2501 .

142 2555 209 2618 suis
237 2552 376 2637 reliquit.
425 2553 555 2620 Bentlei
583 2554 798 2634 coniecturas,
824 2555 860 2619 in
889 2552 1066 2638 exemplari
1093 2553 1190 2618 edi--

141 2641 242 2707 tionis
265 2640 478 2708 Gerartianae
502 2640 603 2728 (Leid.
629 2642 731 2728 1616)
753 2642 850 2708 hodie
871 2643 908 2707 in
929 2639 1012 2706 Mus.
1027 2640 1161 2706 Britan·

140 2730 213 2796 nico
243 2735 434 2797 conservato
463 2733 603 2818 margini
627 2731 807 2816 adscriptas
829 2733 865 2796 in
892 2730 1161 2816 lucemqprotulit
1242 2752 1243 2763 ¹

140 2819 249 2886 Maur.
289 2819 453 2904 Houptius
494 2818 593 2906 (Berl.
634 2820 831 2885 Monatsber.
870 2820 954 2886 1861
991 2841 1023 2903 p.
1062 2818 1160 2883 1079.

143 2906 253 2994 1084).
283 2907 363 2973 Post
385 2909 459 2975 illos
482 2911 569 2975 viros
588 2909 785 2974 clarissimos
804 2906 993 2994 dignissimi
1007 2910 1087 2971 sunt
1101 2906 1158 2991 qui
1240 2964 1241 2969 ,

140 3001 431 3063 commemorentur
453 2998 588 3065 Ioannes
610 2996 802 3079 Sdrroperus
824 3001 858 3062 et
879 2997 937 3062 Fr.
960 2995 1044 3077 Aug.
1062 2995 1155 3060 Meu·

139 3086 210 3153 tias
236 3085 303 3171 (rel
330 3088 368 3150 ut
394 3086 464 3171 ipse
492 3086 603 3152 audire
626 3086 779 3150 malebat
805 3083 943 3171 Merca).
994 3082 1157 3147 Plurimae

138 3175 229 3240 illius
248 3174 452 3242 coniecturae
471 3179 504 3240 et
521 3177 557 3241 in
575 3173 877 3240 ‘Observationibus
890 3170 1039 3239 Francos.
1057 3169 1156 3235 1761’

139 3265 248 3349 palam
270 3262 376 3328 factae
400 3267 433 3328 et
454 3264 490 3328 in
512 3264 597 3329 libro
616 3262 685 3330 MS.
703 3263 920 3328 bibliothecae
934 3259 1158 3326 Berolinensis

139 3374 179 3418 ax
200 3353 309 3437 legato
337 3348 483 3418 Santonii
510 3350 592 3437 (MS.
614 3351 702 3418 Diez.
726 3350 764 3415 B.
792 3349 882 3418 Sant.
903 3349 963 3435 47)
991 3351 1157 3413 exstantes

139 3441 182 3505 ab
207 3440 347 3522 Hauptio
369 3439 391 3504 l.
409 3441 429 3506 l.
453 3441 559 3508 editae
582 3444 667 3508 sunt.
702 3439 863 3526 Mentitus,
886 3461 959 3505 eum
978 3436 1057 3502 olim
1080 3458 1156 3502 con-
