2517 3925
444 220 615 279 EDITORIS
634 220 852 276 PRAEFATIO.

118 366 267 451 ‘fluctus'‚
289 388 384 433 nemo
405 366 509 431 adhuc
528 365 680 450 exposuit
695 368 884 449 exponetue.
911 364 1062 450 rescripsi
1081 362 1194 429 ‘Luci-

114 458 177 522 bus
201 454 365 540 occiduis',
393 454 480 539 quod
508 476 582 519 oum
608 454 666 518 illo
694 452 855 539 ‘fessoque
877 451 1080 537 Hyperione'
1109 474 1191 519 con-

112 546 260 610 iunctum
294 546 343 609 est
373 564 432 627 per
462 542 600 628 figuram
633 564 730 626 quam
756 544 875 607 uocant
907 542 945 605 ἓν
978 535 1035 605 διὰ
1068 540 1193 618 docem

112 633 265 698 similiter
295 632 397 697 habes
419 630 453 694 Π
476 631 506 715 2,
529 630 573 695 45
606 629 698 695 ‘haee
730 629 845 696 domus
876 634 963 696 ortus
990 628 1120 713 Aspicit
1152 633 1193 694 et

114 720 231 787 Phoebi
253 726 388 786 11111111
409 717 522 785 iubor'.
743 791 750 804 .

204 808 355 874 Alterum
394 807 433 873 dc
470 828 534 891 quo
573 807 740 872 locuturus
777 829 849 872 sum
881 807 1064 891 exemplum
1095 810 1193 871 extat

62 928 80 988 ¹,
112 897 185 962 silu.
207 896 258 961 III
280 897 311 982 5,
334 896 387 981 60,
408 896 465 961 ubi
486 895 644 979 praebent
666 894 774 961 codd:

285 1035 322 1090 Et
340 1050 414 1089 nunc
432 1032 483 1088 illa
501 1035 579 1088 tenet
597 1031 684 1087 uidno
702 1033 778 1102 quod
796 1032 857 1088 sola
875 1032 970 1088 cubili.

113 1162 179 1227 hoc
202 1183 275 1227 cum
298 1161 476 1226 anteriores
499 1162 681 1224 mutassent
702 1159 738 1223 in
761 1158 963 1224 ‘uiduum-
976 1156 1103 1237 cubile’,
1125 1181 1191 1225 nu·

116 1249 255 1333 perrime
278 1249 364 1313 idem
382 1248 537 1313 Imhofius
555 1245 776 1331 reponendum
795 1247 854 1331 ait3
876 1247 970 1312 illum
988 1247 1075 1311 enim
1092 1248 1192 1313 uerbi

116 1336 259 1402 ‘tenere'
288 1359 385 1401 usum
413 1336 587 1420 repetitum
615 1357 686 1400 esse
710 1356 748 1399 ex
771 1357 805 1400 re
828 1334 973 1400 militari.
1018 1333 1074 1399 sed
1097 1336 1191 1419 qnod

114 1428 191 1490 ants
214 1426 324 1491 omnia
346 1424 475 1490 ostendi
502 1424 626 1507 debuit,
653 1424 849 1489 translatum
878 1445 949 1489 esse
975 1423 1061 1488 hunc
1089 1446 1190 1489 usum

115 1513 230 1579 adres
255 1513 444 1598 amatorias,
468 1534 535 1577 non
564 1511 706 1578 ostendit
729 1534 768 1575 ex
790 1533 887 1577 causa
908 1512 1087 1596 perspicua
1123 1534 1190 1579 nec

113 1601 201 1666 enim
220 1603 305 1667 ullus
329 1602 468 1686 scriptor
489 1600 655 1665 Romanus
673 1603 741 1664 tam
758 1600 890 1684 ineptus
908 1600 972 1665 fuit
988 1603 1026 1664 ut
1043 1600 1191 1684 puellam

114 1690 150 1754 in
174 1690 272 1755 cubili
293 1689 452 1756 iacentem
474 1691 676 1773 compararet
699 1710 772 1753 cum
794 1689 936 1754 exercitu
958 1688 1115 1754 castrisue
1137 1690 1189 1755 lo·

113 1800 188 1842 cum
219 1778 360 1863 aliquem
387 1778 582 1843 tenentibus.
622 1778 713 1843 nullo
737 1780 846 1842 autem
868 1776 965 1842 modo
988 1777 1102 1859 claret,
1129 1799 1191 1843 cur

121 1864 245 1932 Statius
268 1867 330 1934 hoc
353 1866 483 1952 quidem
505 1866 576 1932 loco
599 1865 771 1931 recesserit
794 1886 814 1929 1
835 1868 989 1931 consueto
1012 1864 1117 1949 poetis
1141 1866 1191 1931 la·

113 1955 195 2021 tinis
218 1956 346 2022 dicendi
372 1979 434 2021 usu
462 1952 661 2039 dederitque:
694 1953 743 2020 ‘et
773 1975 875 2019 nnnc-
890 1953 948 2018 illa
979 1958 1056 2037 tepet
1085 1952 1188 2022 uiduo

115 2045 202 2127 quod
226 2045 295 2109 sola
319 2042 441 2127 cubili'3
466 2043 505 2108 ef.
525 2041 714 2126 (11111168,
735 2043 779 2108 29
799 2041 929 2127 ‘frigida
951 2042 1078 2109 deserto
1097 2045 1191 2126 tepe-

120 2130 222 2197 factet
243 2134 388 2198 membra
411 2130 531 2214 cubili',
553 2130 672 2195 Tibull
693 2130 711 2194 Ι
733 2131 764 2215 8,
786 2131 840 2215 39,
861 2129 1008 2215 Propert
1029 2129 1078 2196 IV
1102 2132 1132 2214 ’1,
1156 2133 1191 2216 6,

114 2218 208 2285 Ouid.
231 2242 293 2285 am.
315 2218 365 2283 ΙΠ
388 2219 419 2298 5,
440 2219 485 2283 42
508 2218 637 2302 aliaque
659 2218 721 2284 hoc
744 2239 846 2304 genus
869 2220 980 2284 multa.

205 2307 268 2373 sed
294 2330 367 2372 cum
388 2306 476 2373 haud
503 2328 606 2390 pauca
629 2308 795 2390 supersint
816 2307 964 2391 exempla
990 2307 1031 2372 ad
1054 2307 1189 2373 demon-

115 2396 284 2460 strandam
314 2395 591 2480 interpretationis
618 2395 714 2460 hodie
746 2418 766 2460 a
796 2396 961 2461 nonnullis
990 2395 1187 2461 exercitatae

115 2485 364 2569 peruersitatem
388 2483 469 2570 (alia
491 2484 650 2549 nonnulla
676 2483 822 2549 dedimus
848 2483 884 2548 in
902 2506 983 2548 mus.
1000 2484 1104 2548 Rhen.
1123 2484 1145 2548 1.
1163 2486 1187 2550 1.

114 2595 168 2656 pp.
186 2569 387 2658 roc-258),
405 2572 513 2656 placet
539 2572 649 2656 potius
676 2572 713 2636 in
740 2572 926 2637 uniuersum
956 2573 1096 2656 paucula
1117 2571 1186 2637 dis·

115 2665 228 2744 putare
252 2660 290 2726 de
313 2660 420 2745 poesis
444 2659 611 2725 Statianae
634 2659 743 2726 indole
765 2664 863 2745 atque
885 2664 1011 2725 natura.

205 2747 329 2824 Statius
354 2748 440 2834 quod
463 2749 532 2832 ipse
551 2771 623 2814 eam
638 2771 701 2834 qua
715 2749 846 2834 singola
858 2748 1014 2813 siluarum
1028 2749 1187 2832 opuscula

113 2837 258 2922 profudit
286 2837 484 2903 celeritatem
511 2840 581 2902 tarn
609 2859 705 2922 saepe
727 2842 859 2922 tamque
881 2838 1019 2903 uerbose
1042 2858 1183 2903 comme·

114 2926 229 3008 morat,
252 2929 375 2993 certum
398 2926 543 3010 sequitur
564 2926 744 2992 consilium.
779 2947 853 2990 cum
871 2926 957 2990 enim
974 2946 1042 2990 non
1060 2929 1186 2990 careret

115 3013 276 3079 maliuolis
303 3014 487 3099 inuidisque
514 3014 801 3097 obtrectatoribus,
830 3036 850 3078 a
879 3013 997 3098 quibus
1029 3013 1185 3098 carpendi

114 3102 285 3191 materiam
307 3123 346 3166 ex
367 3103 486 3168 libellis
509 3101 575 3167 illis
597 3102 694 3168 facile
715 3100 783 3186 peti
805 3123 902 3186 posse
924 3100 1097 3186 praeuidit,
1125 3100 1185 3166 ho·

115 3213 188 3256 rum
221 3191 481 3257 cauillationibus
499 3190 647 3255 ,obuiam
676 3190 724 3254 111
756 3189 881 3255 studuit
909 3189 1087 3254 celeritatis
1118 3189 1184 3254 ista

115 3279 318 3345 confessione
340 3279 508 3346 itentidem
531 3279 679 3363 repetita.
718 3279 934 3362 nequeenim
954 3279 1089 3362 ignarus
1111 3282 1183 3342 erat

116 3388 226 3432 eorum
256 3389 339 3452 quae
374 3367 410 3431 in
441 3365 534 3452 poesi
566 3387 626 3431 sua
657 3367 763 3430 iustae
794 3365 1039 3452 reprehensioni
1072 3369 1183 3430 essent

115 3455 266 3520 obnoxia.
315 3455 565 3538 extemporalem
592 3454 760 3520 audaciam
786 3454 926 3521 Romani
956 3454 1185 3519 tantummodo
