2517 3925
128 198 172 265 54
209 151 213 164 ⁸
492 199 522 252 r.
541 196 681 251 rnruur
700 195 833 251 suurnv

126 341 314 421 Nobiscum,
338 345 371 407 et
394 345 506 427 gratae
529 344 716 426 carpentem
738 362 873 417 munera
895 361 1027 405 mensae
1184 358 1201 407 a

128 431 365 515 Errantemque
384 431 466 495 toris
489 429 613 495 mediae
636 432 709 513 plus
732 433 878 513 tempore
900 428 1006 493 noctis
1252 447 1253 468 ι

127 518 288 585 Uidimus.
334 519 450 585 affatus
475 519 574 583 etiam
597 519 816 602 meditataque
838 518 939 581 uerba

128 606 335 673 Reddideras.
380 611 415 672 at
436 629 522 672 nune
545 611 678 679 aeterna
701 606 831 671 silentia
853 604 971 670 Lethes

127 696 188 761 Ille
211 718 347 763 canorus
370 697 480 761 habes.
526 696 618 761 cedat
640 695 858 760 Phaethontia
880 694 971 779 uulgi

127 784 264 850 Fabula:
287 808 354 851 non
378 785 441 851 soli
464 784 629 851 celebrant
652 806 711 849 sua
733 785 848 847 funera
871 783 977 867 cygni.

127 873 174 938 At
195 874 259 938 tibi
283 877 405 959 quanta
428 874 542 939 domus
565 874 665 938 rutila
688 872 848 937 testudine
870 872 1014 957 fulgens,

128 960 341 1048 Conexusque
365 963 456 1029 ebori
479 963 646 1047 uirgarum
670 965 843 1047 argenteus
866 960 954 1043 ordo,

127 1050 352 1138 Argutumque
376 1055 433 1116 tuo
457 1051 627 1115 stridentia
649 1051 764 1115 limina
787 1072 893 1132 cornu,

128 1140 174 1217 Et
197 1140 349 1225 querulae
372 1144 441 1205 tam
465 1140 550 1205 forte
573 1140 674 1204 forest
698 1142 793 1203 uacat
815 1138 870 1202 ille
894 1138 1008 1202 beatus

128 1227 254 1311 Oarcer,
277 1232 310 1293 et
333 1228 464 1313 angusti
491 1249 652 1311 nusquam
680 1227 826 1293 conuicia
848 1226 939 1291 tecti!

126 1317 199 1381 Huc
221 1317 336 1382 doctae
359 1318 522 1400 stipentur
545 1338 632 1400 auec,
655 1316 725 1400 quis
749 1315 858 1382 nobile
881 1312 973 1379 fandi

126 1405 182 1470 Ius
205 1410 323 1470 natura
346 1405 450 1470 dedit:
473 1405 610 1489 plangat
633 1404 815 1470 Phoebeius
838 1404 905 1468 ales

125 1493 328 1579 Auditasque
351 1516 476 1559 memor
499 1494 626 1578 penitus
651 1494 813 1558 dimittere
837 1514 932 1558 uoces

128 1581 265 1647 Sturnur
289 1587 322 1647 et
344 1580 452 1648 Aonio
475 1604 588 1647 uersae
612 1583 787 1648 certamine
810 1582 910 1666 picae,
1252 1631 1253 1634 ,

129 1670 254 1757 Quique
276 1672 376 1737 refert
399 1673 537 1757 iungens
561 1673 679 1736 iterata
700 1670 862 1737 uocabula
884 1668 1005 1755 perdix,
1165 1689 1200 1738 20
1252 1671 1253 1736 i

126 1759 172 1825 lut
190 1782 272 1845 quae
296 1760 446 1826 Bistonio
471 1760 615 1845 queritur
639 1782 731 1826 soror
754 1760 834 1824 orba
856 1758 968 1824 cubili:

125 1847 222 1913 Ferte
247 1850 343 1914 simul
366 1850 506 1935 gemitus
530 1852 733 1934 cognataque
756 1847 862 1912 ducite
884 1846 1024 1920 flammis

126 1937 255 2004 Funera
278 1942 311 2004 et
333 1939 396 2005 hoc
419 1942 553 2004 cunctae
576 1937 795 2004 miserandum
818 1935 973 2002 addiscite
996 1958 1142 2004 carmen:

128 2027 270 2093 ‘Occidit
292 2029 397 2093 aeriae
421 2027 632 2092 celeberrima
654 2027 758 2112 gloria
781 2026 888 2111 gentis
1252 2038 1253 2117 ι

126 2115 299 2200 Psittacus,
321 2117 378 2180 ille
400 2117 517 2201 plagae
535 2116 647 2181 uiridis
670 2119 825 2201 regnator
842 2114 945 2195 ane3
1163 2132 1199 2181 25
1252 2128 1253 2135 ’

127 2203 229 2280 Quem
251 2226 317 2269 non
341 2208 506 2290 gemmata
528 2205 669 2270 uolucris
691 2205 829 2270 Iunonia
852 2203 954 2269 cauda

125 2291 279 2360 Uineeret
302 2298 443 2378 aspectu,
466 2294 565 2380 gelidi
588 2316 656 2360 non
678 2294 825 2358 Phasidis
850 2293 927 2376 ales,

125 2380 194 2446 Nec
217 2405 297 2467 quas
320 2383 469 2448 humenti
491 2381 651 2448 Numidae
673 2404 808 2467 rapuere
832 2382 892 2447 sub
915 2383 1035 2445 austro.
1252 2452 1253 2465 ι

115 2470 185 2536 'ille
209 2473 368 2537 salutator
389 2492 504 2556 regum
526 2493 706 2555 nomenque
729 2471 856 2536 locutus
1252 2468 1254 2543 ι

126 2557 321 2626 Caesareum
345 2564 379 2624 et
400 2561 526 2645 queruli
549 2560 713 2646 quondam
736 2560 805 2624 uice
828 2560 958 2624 functus
983 2558 1093 2642 amici,
1164 2578 1200 2626 30

125 2647 221 2713 Nunc
245 2649 383 2714 conuiua
405 2649 487 2714 leuis
510 2652 756 2733 monstrataque
780 2648 911 2712 reddere
934 2647 1034 2712 uerba

125 2737 207 2802 Tam
228 2737 348 2802 facilis!
373 2759 436 2822 quo
459 2741 505 2821 tu,
527 2736 644 2802 Melior
666 2736 791 2821 dilecte,
813 2738 937 2802 recluso

125 2824 312 2911 Numquam
337 2827 423 2892 solus
448 2848 527 2891 eras.
574 2831 608 2890 at
631 2847 699 2890 non
722 2825 878 2910 inglorius
902 2824 1026 2890 umbris

124 2913 280 2981 Mittitur:
305 2913 444 3001 Assyrio
468 2915 590 2980 cineres
615 2914 788 2979 adolentur
810 2937 938 2980 amomo

1252 3140 1253 3205 l

195 3248 291 3306 eoas
314 3250 449 3304 necares
470 3252 481 3318 ιι
505 3254 537 3304 11
557 3249 620 3304 suc
639 3249 757 3304 uuna
775 3249 873 3303 domus
891 3247 1025 3302 naeres
1046 3247 1057 3315 ι
1078 3251 1113 3300 14
1135 3248 1201 3300 um
1252 3210 1253 3229 ²

123 3319 195 3376 forte
213 3320 327 3390 ccupat:
350 3319 406 3374 iam
430 3323 527 3390 sponte
546 3326 564 3372 c
582 3340 599 3373 ι
617 3323 678 3376 tam
699 3337 782 3390 saepe
801 3318 971 3373 Schraderus
992 3319 1002 3386 [Ι
1026 3322 1058 3371 15
1080 3332 1117 3370 au
1175 3318 1203 3372 ti

125 3393 248 3460 (1111118
268 3390 409 3446 dimittere
433 3397 463 3446 0:
487 3392 635 3447 demittere
652 3390 709 3516 Api
733 3397 766 3445 19
789 3389 881 3444 uictae
900 3389 1006 3445 Mcrld.
1027 3390 1037 3456 ΙΙ
1057 3394 1092 3443 31
1141 3406 1200 3444 uno

126 3464 143 3514 ς
163 3479 191 3514 a:
210 3461 292 3515 Hunc
310 3464 351 3530 0ss
364 3467 399 3516 34
417 3462 566 3530 adolentur
585 3468 602 3518 ς
622 3482 650 3517 a:
670 3479 688 3517 a
707 3462 808 3517 dentur
826 3466 844 3512 (1
