2517 3925
421 229 609 286 ernonauu
627 231 658 286 n.
678 231 726 301 111,
747 237 770 286 1.
1093 229 1136 293 69

71 377 188 442 Paruus
213 376 317 440 adhuc
340 375 518 461 similisque
541 376 600 461 tui,
622 398 696 440 cum
718 376 825 460 prima
847 397 1005 441 nouercae
1076 372 1082 382 ’

70 466 213 531 Monstra
236 487 336 530 manu
357 487 519 548 premeres
543 469 640 549 atque
664 465 848 529 exanimata
871 465 1003 530 doleres.

71 553 127 619 Sed
151 574 312 640 quaenam
335 554 435 619 subiti
457 553 642 632 ueneranda
665 553 796 619 exordia
818 554 941 638 templi,

70 643 125 708 Dic
148 664 219 729 age,
242 640 400 728 Calliope,
424 644 529 707 socius
552 642 614 707 tibi
637 642 758 728 grande
782 643 913 707 sonabit

70 731 194 796 Alcides
218 735 376 816 tensoque
399 731 515 796 modos
538 731 720 796 imitabitur
743 751 828 796 arcu.

71 821 205 905 Tempus
230 823 309 904 erat,
332 820 413 884 caeli
436 841 509 884 cum
531 820 790 884 torrentissimus
814 821 882 884 axis

69 908 228 973 Incumbit
250 908 345 972 terris
367 909 515 993 ictusque
537 907 726 993 Hyperione
749 908 852 972 multo

71 996 357 1061 Aeer‘anhelantis
380 997 526 1062 incendit
549 995 652 1062 Sirius
676 1016 782 1082 agros.

70 1085 194 1170 Iamque
219 1085 290 1150 dies
313 1085 434 1169 aderat,
455 1086 603 1171 profugis
627 1107 699 1151 eum
723 1085 854 1171 regibus
879 1087 991 1168 aptum

73 1172 182 1238 Fumat
205 1174 377 1238 Aricinum
400 1173 532 1239 Triuiae
554 1194 670 1239 nemus
693 1177 727 1239 et
749 1174 820 1239 face
843 1174 947 1238 multa

73 1260 223 1328 Conscius
247 1261 421 1348 Hippolyti
444 1262 592 1347 splendet
613 1263 718 1347 lacus3
740 1263 813 1346 ipsa
836 1265 971 1327 coronat

71 1350 227 1416 Emeritos
251 1351 359 1416 Diana
383 1372 479 1417 canes
502 1355 535 1416 et
557 1351 682 1434 spicula
704 1355 813 1438 terget

73 1438 110 1504 Et
130 1444 220 1505 tutas
246 1440 323 1504 sinit
345 1440 393 1504 ire
414 1440 516 1524 feras,
539 1440 708 1524 omnisque
732 1439 857 1524 pudicis

71 1526 147 1612 Itala
167 1532 261 1594 terra
283 1527 365 1594 focis
387 1527 584 1594 Hecateidas
607 1529 726 1593 excolit
749 1528 829 1593 idus.

74 1617 129 1681 Ast
151 1638 223 1703 ego,
248 1615 434 1682 Dardaniae
457 1618 606 1702 quamuis
629 1617 690 1682 sub
715 1617 850 1682 collibus
873 1615 978 1680 Albae

73 1703 132 1770 Rus
153 1705 327 1790 proprium
350 1705 524 1792 magnique
547 1705 638 1770 ducis
661 1705 742 1770 mihi
764 1726 894 1770 munere
918 1725 1049 1769 currens

74 1791 159 1858 Unda
181 1794 273 1859 domi
296 1815 389 1859 curas
412 1795 555 1858 mulcere
578 1798 751 1878 aestusque
772 1795 881 1858 leuare

75 1879 272 1968 Sufficerent,
296 1886 392 1947 notas
416 1881 563 1948 Sirenum
587 1883 720 1948 nomine
743 1904 840 1967 rupes

74 1969 274 2059 Facundique
297 1974 398 2037 larem
420 1973 505 2038 Polli
528 1994 596 2037 non
618 1973 737 2056 hospes
760 1971 929 2050 habebam,

75 2061 203 2127 Assidue
226 2083 399 2147 moresque
422 2061 487 2126 uiri
509 2082 686 2147 pacemque
708 2081 875 2145 nouosque

76 2146 229 2215 Pieridum
254 2150 349 2215 flores
372 2152 557 2235 intactaque
582 2150 727 2215 carmina
749 2149 885 2214 discens.

77 2234 162 2302 Forte
185 2239 274 2303 diem
297 2238 428 2303 Triuiae
451 2239 527 2304 dum
549 2238 647 2305 litore
671 2238 817 2303 ducimus
839 2237 903 2302 udo

77 2324 299 2412 Angustosque
321 2325 408 2392 fores
432 2330 624 2412 assuetaque
648 2330 734 2392 tecta
757 2326 886 2411 grauati

79 2410 251 2480 Frondibus
276 2419 308 2480 et
329 2417 443 2501 patula
465 2416 665 2482 defendimus
690 2416 805 2480 arbore
829 2414 922 2498 soles,

78 2498 206 2569 llelituit
230 2504 354 2569 eaelum
378 2507 411 2568 et
433 2504 550 2569 subitis
573 2506 627 2569 lux
651 2504 788 2570 candida
811 2503 909 2568 cessit

77 2587 217 2657 Nubibus
241 2614 279 2657 ac
301 2593 409 2657 tenuis
433 2592 582 2677 grauiore
603 2592 769 2657 Fauonius
794 2594 905 2655 austro

78 2676 245 2764 lnmaduit3
268 2681 397 2766 qualem
420 2680 542 2765 Libyae
566 2680 721 2746 Saturnia
743 2680 891 2745 nimbum

81 2766 201 2853 Attulit,
223 2769 326 2835 Iliaco
350 2769 427 2834 dum
450 2770 540 2834 diues
563 2768 674 2835 Elissa
696 2769 815 2834 marito

79 2852 219 2922 Donatur
240 2861 404 2942 testesque
426 2859 554 2923 ululant
576 2880 635 2943 per
657 2858 752 2923 deuia
772 2856 947 2941 nymphae.
973 2910 976 2915 ,

81 2940 275 3031 Diffugimus,
298 2944 463 3031 festasque
487 2946 586 3031 dapes
608 2946 821 3030 redimitaque
844 2946 923 3009 uina

80 3030 249 3119 Abripiunt
271 3035 387 3100 famuli
409 3057 469 3100 nec
492 3058 556 3120 quo
581 3036 732 3105 conuiuia
755 3034 906 3119 migrent,

142 3356 176 3405 48
202 3351 311 3424 doleres
335 3356 367 3405 ςε
390 3350 500 3406 dolores
522 3355 546 3403 A
569 3354 669 3419 oleo
692 3351 854 3406 hecateidas
877 3352 915 3401 A:
940 3346 1099 3402 achaleidas
1123 3351 1141 3398 c

82 3415 214 3477 hecateias
232 3423 338 3491 Doral
357 3427 391 3476 69
409 3422 608 3491 Angustosque
626 3426 650 3474 A
670 3428 696 3493 0,
714 3438 783 3477 corr.
804 3426 822 3475 ς
840 3422 844 3489 Ι
860 3417 972 3489 musti
990 3437 1022 3471 a:
1041 3433 1141 3487 grana

84 3486 115 3541 tis
131 3495 152 3543 A
169 3498 199 3559 ῦς
213 3495 305 3564 poesis
323 3498 348 3548 et
366 3493 511 3563 granantis
531 3494 607 3562 (tes)
621 3495 631 3562 ΙΙ
646 3498 679 3548 71
699 3493 810 3548 condita
828 3490 964 3545 Heinsius
