2517 3925
431 199 620 255 SlLUARUM
639 200 671 255 L.
689 200 737 268 HI,
757 206 781 255 5.
1104 199 1147 264 93

75 347 293 430 Parthenope,
317 344 369 410 cui
391 344 470 409 mite
493 343 598 408 solum
621 348 712 410 trans
737 366 878 430 aequora
901 351 1012 413 uectae
1136 357 1142 364 “

75 436 151 522 Ipse
173 435 322 500 Dionaea
344 433 543 498 monstrauit
563 431 683 518 Apollo
707 433 867 499 columba.
1111 452 1147 502 80
1255 455 1257 466 ⁴

75 523 146 589 Has
170 545 232 608 ego
255 528 289 588 te
309 521 404 587 sedes
428 521 519 606 (nam
541 542 603 586 nec
624 521 706 586 mibi
729 522 869 587 barbara
891 524 1015 590 Thrace

75 613 146 679 Nec
168 612 273 698 Libye
295 611 403 676 natale
427 607 548 696 solum)
571 609 748 675 transferre
770 611 893 692 laboro,

76 701 165 779 Quas
189 705 223 766 et
244 699 351 766 mollia
373 699 479 764 biems
503 703 537 764 et
557 697 679 783 frigida
701 701 861 783 temperat
884 706 999 786 aestas,

76 789 166 867 Quas
189 789 309 855 inbelle
332 788 453 853 fretum
474 787 681 872 torpentibus
705 787 808 852 adluit
829 790 933 855 undis.

76 879 146 944 Pax
169 899 284 944 secura
305 877 385 943 locis
408 880 441 942 et
463 876 582 942 desidis
608 876 676 941 otia
699 876 786 941 uitae
1112 895 1146 946 85

76 967 122 1033 nt
142 989 321 1053 numquam
342 966 476 1031 turbata
498 965 590 1050 quies
613 964 782 1050 somnique
805 969 920 1050 parati.

76 1056 179 1122 Nulla
200 1057 274 1122 foro
297 1055 404 1120 rabies
427 1058 485 1120 aut
508 1053 642 1118 strictae
665 1055 701 1118 in
722 1055 829 1140 iurgia
851 1057 955 1142 leges:

77 1144 208 1210 Morum
230 1145 303 1210 iura
325 1143 405 1208 uiris
429 1143 535 1208 solum
558 1145 591 1206 et
614 1143 682 1208 sine
705 1142 848 1209 fascibus
872 1168 1018 1232 aequum.

79 1232 164 1310 Quid
185 1255 274 1299 nunc
297 1232 486 1318 magnificas
510 1231 633 1316 species
656 1232 824 1317 cultusque
847 1234 992 1300 locorum

78 1321 277 1408 Templaque
301 1325 334 1386 et
354 1321 532 1386 innumeris
557 1320 664 1404 spatia
687 1321 892 1388 interstincta
916 1325 1084 1410 columnis,
1112 1343 1147 1393 00

77 1410 124 1476 Et
145 1412 311 1496 geminam
334 1411 453 1475 molem
475 1409 555 1474 nudi
577 1408 718 1494 tectique
737 1410 858 1476 theatri

77 1498 123 1565 nt
146 1499 341 1584 Capitolinis
365 1498 586 1584 quinquennia
608 1497 757 1582 proxima
778 1499 898 1583 lustris,

79 1587 165 1665 Quid
186 1588 316 1653 laudem
338 1587 429 1652 lusus
451 1588 701 1671 libertatemque
724 1586 903 1671 Menandri,

78 1675 184 1753 Quam
205 1677 373 1743 Romanus
396 1676 501 1741 bonos
526 1679 558 1741 et
581 1673 680 1740 Graia
702 1675 834 1741 licentia
857 1678 1018 1743 miscent?

77 1763 147 1829 Nec
167 1764 283 1832 desunt
305 1764 417 1829 uariae
440 1764 525 1830 eirca
549 1763 767 1829 oblectamina
789 1765 889 1829 uitae:
1113 1785 1146 1835 95

78 1851 154 1918 Siue
177 1854 388 1938 uaporiferas‚
410 1852 624 1918 blandissima
646 1851 753 1935 litora,
776 1851 888 1937 Baias,

3 2005 4 2012 ,
76 1941 209 2008 Enthea
230 1942 384 2009 fatidicae
408 1965 465 2007 seu
487 1941 592 2008 uisere
615 1943 702 2007 tecta
721 1938 863 2027 Sibyllae

76 2030 180 2097 Dulce
204 2033 248 2098 sit
269 2032 433 2117 Iliacoque
455 2031 569 2117 iugum
591 2030 802 2096 memorabile
825 2052 923 2117 remo,

3 2181 4 2212 1
78 2118 143 2186 Seu
165 2122 227 2185 tibi
249 2120 390 2185 Bacchei
412 2120 524 2185 uineta
545 2119 710 2185 madentia
733 2117 834 2185 Gauri

78 2209 323 2294 Teleboumque
346 2210 468 2288 domos,
491 2209 625 2294 trepidis
648 2208 705 2273 ubi
728 2208 834 2274 dulcia
856 2210 965 2275 nautis
1098 2226 1148 2277 100
1251 2262 1254 2266 -

77 2296 220 2363 Lumina
240 2298 434 2384 noctiuagae
457 2298 544 2363 tollit
567 2298 693 2363 Pharus
717 2298 844 2364 aemula
866 2299 971 2383 lunae,

3 2449 4 2454 ,
80 2385 230 2472 Oaraque
251 2410 320 2453 non
341 2386 432 2453 molli
454 2387 532 2471 iuga
555 2385 747 2452 Surrentina
769 2385 891 2471 Lyaeo,

3 2465 4 2515 l
81 2474 171 2552 Quae
195 2497 286 2541 meus
310 2481 385 2542 aute
409 2476 490 2540 alios
513 2474 682 2540 habitator
704 2474 827 2541 Pollius
851 2480 958 2561 auget,

77 2563 304 2650 Aenariaeque
327 2565 416 2630 lacus
434 2562 577 2629 medicos
601 2562 792 2648 Stabiasque
815 2568 957 2631 renatas.

77 2763 294 2773 ——--—-—

151 2904 187 2953 80
205 2899 308 2954 dionea
327 2930 360 2937 -
380 2899 510 2953 columba
528 2903 563 2951 A:
587 2897 705 2953 dioneae
724 2929 757 2937 -
777 2898 986 2968 001οω000011
1005 2904 1040 2954 80
1058 2898 1150 2981 parati

80 2974 111 3025 5:
130 2969 240 3039 peracti
263 2976 281 3022 0
305 2972 400 3039 0181
425 2968 540 3024 strictae
563 2968 592 3022 in
615 2967 708 3037 iurgia
725 2968 803 3038 leges
821 2975 844 3021 Δ
863 2975 893 3023 c:
920 2968 1035 3025 strictae
1060 2968 1151 3039 rurgia

79 3041 153 3112 legis
173 3045 192 3095 ς
214 3043 225 3109 11
247 3047 282 3097 00
301 3040 473 3110 Templaque
497 3042 526 3094 et
543 3039 601 3094 inn.
619 3042 655 3093 A:
679 3038 853 3108 Templaque
871 3040 928 3095 inn.
949 3046 966 3092 0
988 3043 999 3111 11
1020 3046 1055 3096 93
1073 3041 1150 3093 lusus

78 3113 195 3181 scripsi:
217 3112 284 3169 litus
308 3118 326 3164 0
349 3130 367 3163 a
387 3110 459 3166 risus
480 3110 703 3179 Liudcabropa'us
720 3112 730 3181 1
748 3116 782 3165 93
806 3110 952 3166 Menandri
977 3116 1150 3179 cormcptum3

77 3184 271 3252 proponebant
291 3182 404 3238 iocandi
425 3182 541 3237 lauandi
558 3180 676 3237 natandi
692 3181 817 3253 uagandi
837 3182 951 3237 meandi
977 3184 987 3251 11
1014 3188 1049 3235 04
1071 3179 1151 3250 graia

79 3258 111 3308 5:
131 3256 216 3323 grata
239 3259 257 3306 0
275 3273 293 3306 a
308 3253 319 3325 11
342 3259 394 3308 104
411 3252 610 3322 Denarumque
632 3254 686 3317 (ito
708 3255 731 3304 Δ
754 3254 782 3321 01
805 3258 976 3321 corruptum
999 3250 1150 3323 Aenariae5

78 3340 135 3393 que
156 3325 240 3381 Dora.
259 3324 456 3393 Dimidiasque
474 3325 609 3391 Intortus
625 3325 658 3378 ta
675 3323 759 3377 buius
777 3324 908 3379 conuiuis
931 3323 1048 3378 0010οἰ000
1066 3321 1150 3376 Halis

78 3412 108 3450 a.
124 3400 203 3451 1863
222 3398 320 3451 000000
332 3413 363 3465 p.
383 3398 443 3464 281
461 3394 626 3463 Stabiasque
646 3393 961 3461 Heioar'ua(cf.1mbof.
980 3393 1073 3460 abico:
1093 3394 1149 3447 sta·

77 3464 211 3536 tiuasque
230 3471 248 3518 0
266 3466 441 3536 statiuasque
459 3484 477 3518 a
