2517 3925
402 249 572 307 EDITORJS
591 250 807 305 PRAEFATIO.
1090 272 1149 309 xvu

78 392 216 459 minutis
243 384 309 459 iliis
338 416 420 479 quae
451 396 541 489 lusus
568 416 737 481 nugasque
764 399 798 460 ct
824 395 964 479 ineptias
987 396 1150 461 uocabant

78 482 254 565 poematiis
277 473 519 568 concesserunt;
544 486 579 548 in
599 485 796 550 carminibus
814 485 1016 569 longioribus
1034 485 1149 549 diurna

78 571 157 635 lima
186 572 393 657 studiumque
420 534 558 639 multiim
590 574 828 657 expectabatur.
870 596 949 639 nam
975 576 1150 659 postquam

78 660 208 725 Ennius
241 661 363 745 primus
401 661 584 727 Musarum
616 663 766 747 scopulos
804 667 973 746 superarat
1004 667 1037 728 et
1073 664 1150 728 dicti

80 750 248 815 studiosus
272 750 352 816 erat'
353 751 450 835 ,iam
467 750 542 815 iude
560 750 601 815 ab
619 751 677 816 illo
690 755 840 854 ,tempore
858 752 964 837 magis
982 752 1150 836 magisque

23 832 25 909 1
79 842 198 922 poetae
221 802 374 919 Romani,
401 840 456 924 qui
484 840 613 923 quidem
636 841 726 904 seriis
750 840 947 905 carminibus
969 840 1150 925 pangendis

23 918 25 1013 1
81 928 240 992 dederunt
263 950 404 1018 operam,
433 950 501 994 non
524 928 701 993 emiserunt
721 928 823 993 libros
846 929 910 993 nisi
933 930 1071 993 multum
1093 950 1151 1013 per

79 1021 210 1101 tempus
244 1037 317 1081 cum
349 1038 427 1082 cura
453 1017 631 1102 perpolitus
662 1017 890 1119 doctrinaeque
922 1016 1151 1102 speciminibus

23 1106 274 1171 adornatos:
297 1106 370 1207 plus
394 1127 446 1170 ars
469 1106 602 1171 ualebat
625 1128 723 1190 quam
745 1105 922 1191 ingenium.
966 1109 1002 1170 ιι
987 1104 1152 1185 isacus,

81 1195 217 1259 utab'
207 1194 339 1279 mgenio
362 1194 521 1259 maximus
545 1196 652 1259 estm
617 1194 780 1278 msiluis,
807 1196 855 1259 ita
877 1195 987 1260 deficit
1008 1195 1050 1259 ab
1074 1198 1152 1260 arte.

80 1306 159 1349 uam
187 1304 262 1348 cum
284 1283 471 1367 plerumque
496 1285 623 1366 tempus
646 1283 873 1349 breuissimum
896 1284 937 1348 ad
959 1283 1153 1368 perficienda

81 1371 228 1437 carmina
250 1393 270 1435 a
273 1372 439 1473 ,patronis
465 1372 555 1436 iussa
578 1371 607 1435 ci
632 1375 829 1457 suppeteret,
851 1376 987 1438 naturae
1010 1372 1152 1437 indolem

82 1464 213 1527 secutus
236 1460 343 1524 minus
363 1460 546 1544 expoliendi
564 1480 658 1525 curae
677 1482 792 1526 uacare
811 1461 927 1547 potuit.
958 1461 1033 1525 uide
1052 1482 1151 1545 quan·

23 1554 152 1614 turn
181 1548 312 1613 intersit
338 1548 423 1612 inter
451 1548 675 1613 Thebaidaet
702 1550 817 1614 siluas.
849 1549 915 1630 illa,
943 1553 980 1614 ut
965 1552 1057 1614 test
1084 1549 1152 1613 bis

23 1694 24 1705 ,
82 1660 179 1703 senos
207 1638 346 1701 multum
374 1637 511 1721 uigilata
537 1658 595 1719 pcr
622 1637 752 1722 armos',
784 1637 871 1703 docti
844 1638 1004 1722 toperis
1032 1658 1152 1703 nomen

80 1727 305 1811 honoremque
336 1724 480 1809 affectat3
516 1725 609 1809 haec,
645 1729 683 1790 ut
712 1748 750 1789 ιι
773 1726 893 1790 libellis
926 1726 1034 1791 subito
1066 1729 1125 1790 nat
1125 1726 1153 1790 is

83 1818 254 1898 constant,
286 1835 351 1879 uno
382 1814 506 1899 ingenii
536 1776 633 1879 titulo
666 1812 942 1879 commendantur.
992 1812 1048 1878 scd
1079 1814 1153 1879 uide

82 1904 191 1988 simul,
215 1902 292 1988 quid
315 1904 460 1968 ueterum
478 1901 634 1968 iudicium
657 1925 677 1968 ι
699 1905 812 1968 nostro
832 1900 938 1967 distet.
975 1923 1048 1967 oum
1067 1902 1153 1967 enim

81 2017 101 2058 a
120 1996 238 2076 poetae
257 1992 457 2075 temporibus
475 2013 533 2076 per
551 1995 656 2057 totam
674 1992 902 2076 antiquitatem
921 1991 1051 2056 doctam
1069 1990 1153 2056 The-

81 2081 182 2146 baida
215 2080 452 2145 admirarentur
485 2101 612 2165 unaque
645 2101 717 2145 cum
749 2078 888 2166 Uergilii
920 2079 1063 2144 Aeneide
1094 2102 1154 2165 pro

82 2191 208 2234 canone
231 2169 403 2254 haberent,
428 2169 483 2232 sed
506 2170 603 2233 nauci
625 2169 772 2234 facerent
794 2170 893 2234 siluas
916 2169 1000 2234 forte
1023 2169 1155 2234 fortuna

80 2259 118 2323 in
141 2258 238 2322 unico
262 2257 370 2322 codice
395 2261 553 2322 seruatas:
580 2279 642 2323 nos
666 2261 792 2343 contra,
816 2279 897 2342 quae
923 2281 1010 2324 nunc
1033 2261 1084 2323 est
1106 2260 1153 2323 iu-

81 2346 213 2411 dicandi
235 2367 360 2430 norma,
381 2345 449 2412 fere
468 2346 661 2430 despicimus
680 2347 849 2413 Thebaida
866 2348 904 2411 ut
924 2369 1004 2431 opus
1023 2350 1155 2430 propter

80 2437 189 2518 ipsam
212 2433 394 2499 doctrinam
416 2434 560 2499 ieiunum
587 2435 856 2521 languidumque,
883 2435 939 2500 sed
967 2434 1154 2499 edomamus

82 2524 186 2588 siluas
208 2523 331 2609 ingenii
354 2523 460 2588 calore
483 2526 515 2587 et
538 2524 607 2588 sine
630 2523 705 2589 fuco
728 2524 826 2610 longe
849 2525 994 2608 quaesito
1019 2524 1155 2608 scriptas

81 2613 303 2697 uellemusque
331 2613 410 2676 totis
438 2611 524 2675 illius
554 2611 721 2677 duodecim
748 2612 853 2695 libris,
886 2613 914 2677 si
940 2612 1010 2677 fieri
1035 2613 1155 2696 liceret,

81 2701 240 2766 redimere
269 2702 389 2766 alteros
416 2700 531 2764 harum
559 2700 709 2784 quinque.
754 2702 823 2786 ipse
851 2701 951 2786 igitur
979 2701 1057 2766 artis
1082 2700 1155 2764 doc-

80 2791 254 2874 trinaeque
277 2789 313 2853 in
337 2788 427 2853 siluis
447 2788 590 2853 defectus
610 2788 774 2873 displicuit
791 2789 964 2854 ueteribus.
995 2810 1155 2873 nusquam

82 2881 195 2942 autem
221 2878 326 2964 magis
354 2877 462 2941 iacent
489 2877 564 2941 illae
588 2899 684 2961 quam
707 2877 763 2941 ubi
788 2874 836 2962 (in
859 2878 1155 2961 comparationibus

81 2965 238 3052 maxime)
264 2989 316 3030 res
344 2965 585 3050 mythologicac
614 2966 827 3051 attinguntur.
872 2967 907 3031 in
934 2967 1066 3050 reliquis
1090 2987 1155 3030 οιιι-

80 3056 181 3120 nibus
204 3054 389 3120 sufficiebat
411 3054 476 3119 fere
500 3054 669 3139 ingenium
688 3059 721 3119 et
738 3076 890 3119 uersuum
908 3055 1155 3140 pangendorum

23 3173 24 3176 ¹
82 3143 294 3228 experientia,
316 3140 584 3209 uirtutStatioes
609 3144 702 3228 quasi
726 3142 812 3207 domi
835 3145 1004 3208 natae:m
1027 3143 1156 3226 mytho-

81 3231 200 3317 logicis
218 3253 302 3333 opus
318 3234 388 3296 erat
402 3231 551 3296 doctrina
565 3236 597 3296 ι
583 3232 653 3296 tad
671 3232 755 3296 hanc
774 3231 1025 3316 comparandam
1040 3230 1156 3295 studio.

81 3342 183 3407 quam
215 3321 250 3384 in
282 3342 350 3385 rem
383 3341 456 3384 cum
488 3323 635 3404 tempore
664 3319 852 3385 deficeretur
878 3340 1015 3404 cumque
1043 3322 1157 3384 contra

80 3409 232 3494 parergis
266 3407 368 3473 doctis
401 3429 468 3472 ιιοιι
500 3408 599 3472 uellet
635 3409 732 3492 plane
765 3412 910 3491 expertes
941 3428 1012 3470 esse
1043 3429 1156 3470 uersus

82 3519 171 3582 suos,
205 3497 246 3561 ab
278 3495 339 3562 hac
370 3497 463 3582 parte
494 3495 723 3563 inconsiderat
713 3517 763 3559 rus
796 3499 891 3580 atque
925 3493 1004 3557 adeo
1037 3497 1156 3557 temere

137 3600 169 3642 Su
171 3599 300 3659 ιιιιειιιι
923 3594 942 3646 b
