2517 3925
261 194 293 247 P.
312 193 452 248 PAPlNll
470 192 589 249 suurn
608 192 798 250 SILUARUM
816 194 848 252 t.
866 195 902 265 Il,
922 202 945 250 1.
1099 196 1141 261 37

71 339 133 403 stili
165 338 364 403 facilitatem
395 338 446 404 leo
469 342 674 425 mansuetus,
704 362 802 426 quem
833 341 870 406 in
901 339 1142 425 amphitheatro

70 430 268 511 prostratum
281 426 437 513 frigidum
449 432 529 513 erat,
544 429 763 495 saemtissimo
773 430 967 515 Imperatori
979 431 1016 495 ni
1030 432 1142 496 statim

70 516 238 583 traderem.
265 516 308 581 ad
321 515 442 581 Ursum
461 538 588 603 quoque
606 521 766 603 nestrum,
783 519 935 584 iuuenem
953 519 1140 585 eandidissi-
1159 534 1194 584 20

70 628 155 670 mum
183 609 217 671 et
243 606 313 671 sine
341 606 467 671 iactura
494 605 636 672 desidiae
659 606 895 692 doctissimum,
923 608 1078 692 seriptum
1101 609 1141 673 de

69 696 188 759 amisso
215 716 317 779 puero
345 696 599 761 aonsolationem
632 715 796 781 superea
827 716 909 781 quae
940 697 1006 781 ipsi
1037 697 1140 763 debeo

69 784 140 849 huie
157 784 245 849 libro
263 784 403 849 libenter
421 784 551 869 inserui,
575 786 652 869 quia
668 784 827 851 honorem
845 785 915 850 eius
932 786 993 849 tibi
1015 786 1141 851 laturus

71 876 238 957 acceptum
262 874 320 938 est.
356 872 456 938 eludit
476 874 632 938 uolumen
654 874 884 959 genethliacon
900 873 1032 959 Insani,
1055 874 1140 959 quod

70 962 161 1027 Polla
174 961 383 1046 Argentaria,
399 962 579 1027 clarissima
595 982 743 1048 urorum,
760 983 835 1029 eum
852 962 940 1027 hune
952 962 1039 1027 diem
1057 964 1141 1029 forte
1159 979 1193 1029 25

71 1066 346 1135 consecraremus,
367 1052 522 1135 imputan'
543 1052 607 1116 sibi
629 1052 743 1137 uehit.
785 1070 848 1137 ego
870 1072 938 1117 non
960 1052 1052 1136 potui
1076 1074 1142 1116 ma-

70 1140 169 1204 iorem
201 1140 287 1203 tanti
328 1141 471 1205 aucturis
510 1140 632 1205 tabere
669 1141 885 1206 reuerentiam
922 1161 1019 1226 quarn
1055 1140 1143 1226 quod

21 1280 22 1285 1
72 1228 182 1293 laudes
202 1228 272 1292 eius
291 1228 434 1293 dicturus
453 1228 658 1295 hexametros
677 1248 766 1295 meos
782 1230 888 1295 timui.
923 1230 1005 1295 haee
1023 1230 1143 1314 qualia·

70 1338 206 1402 cumque
236 1321 326 1401 sunt,
349 1317 467 1383 Melior
486 1316 667 1403 carissime,
688 1319 716 1383 si
739 1319 800 1385 tibi
822 1342 890 1385 non
912 1318 1142 1405 displicuerint,

70 1405 335 1490 atepublieum
357 1408 530 1491 accipiant,
553 1408 581 1472 si
603 1407 722 1492 minus,
746 1408 787 1472 ad
807 1429 861 1473 me
882 1411 1096 1473 reuertuntur.
1160 1423 1195 1473 30

499 1546 712 1582 *1-

589 1672 614 1737 I.

235 1809 415 1865 GLAUCIAS
434 1808 560 1867 ATEDII
579 1809 754 1867 MELIORIS
772 1808 976 1867 DELICATUS

70 1918 161 1996 Quod
184 1918 247 1985 tibi
269 1920 445 2004 praerepti,
466 1918 599 2006 Melior,
620 1922 770 1988 solamen
790 1920 927 2005 alumni,

69 2008 230 2094 ln'probus
254 2011 330 2074 ante
351 2029 450 2094 rogos
474 2012 507 2076 et
530 2009 635 2076 adhuc
656 2010 788 2078 mente
808 2009 924 2074 fauilla

71 2095 212 2162 Ordiar?
235 2098 381 2182 abruptis
405 2098 503 2164 etiem
526 2121 614 2164 nunc
636 2099 746 2164 flebile
768 2099 859 2165 uenis

69 2185 196 2251 Uulnus
220 2185 299 2270 hiat,
321 2207 524 2272 magnaeque
546 2191 639 2270 patet
659 2189 715 2252 uia
736 2188 859 2254 lutries
881 2189 1007 2273 plagae.

70 2273 149 2339 Cum
171 2275 239 2338 iarn
263 2279 392 2358 egomet
414 2279 529 2341 eantare
552 2280 586 2341 et
607 2277 708 2366 uerba
730 2276 891 2343 medentia
912 2277 1020 2344 saeuus
1178 2292 1194 2340 5

69 2361 220 2447 Confero,
242 2363 279 2426 tu
300 2364 452 2447 planetus
474 2363 683 2449 lamentaque
705 2365 804 2432 tortia
826 2367 930 2432 mauis

68 2451 236 2536 Odistique
260 2451 378 2536 chelyn
399 2452 560 2538 surdaque
584 2455 739 2520 auerteris
761 2475 848 2521 aure.

67 2539 271 2625 Intempesta
293 2561 387 2608 eane:
411 2541 506 2606 eitius
529 2564 582 2608 ma
603 2543 699 2627 tigris
722 2543 847 2608 abaetis

67 2627 202 2694 Fetibus
226 2629 394 2714 orbatique
417 2631 520 2694 uelint
542 2631 654 2696 audire
675 2631 795 2697 leones.
956 2694 959 2700 .

67 2715 133 2783 Nee
158 2718 186 2783 si
209 2719 426 2802 tergeminum
449 2717 560 2784 Sinala
581 2719 621 2784 de
644 2719 771 2805 uirgine
792 2739 924 2789 tarmen
1161 2742 1195 2791 10

67 2806 194 2872 Affluat
218 2810 276 2871 aut
299 2807 390 2872 siluis
412 2807 526 2892 ehelys
549 2808 715 2874 intellecta
737 2809 891 2893 terisque,

68 2893 213 2961 Muleeat
235 2896 371 2961 insanas
394 2896 545 2982 gemitus.
578 2900 646 2962 stat
667 2901 798 2981 pestere
819 2898 955 2964 demens

67 2982 187 3049 Luctus
211 2987 246 3048 et
266 2983 400 3054 admeto
422 2985 546 3050 latrant
567 2985 758 3068 praeeordis
779 2990 879 3051 taetu.

67 3070 171 3138 Nemo
194 3075 301 3137 uemt:
326 3074 444 3138 satiare
466 3075 562 3139 malis
585 3094 782 3160 aegrumque
805 3075 950 3140 dolorem

138 3249 176 3301 24
194 3249 312 3317 aeeepto
330 3253 349 3300 c
368 3267 392 3318 a,
410 3263 480 3304 sorr.
499 3249 580 3304 Dora.
607 3251 611 3318 Ι
636 3251 687 3306 est
705 3248 797 3305 eludit
816 3249 999 3318 Manum.-
1017 3247 1143 3304 excludit

67 3322 117 3370 οι
129 3319 141 3387 Ι
155 3323 192 3372 ab
212 3315 317 3374 clariss.
337 3323 373 3374 A:
392 3317 486 3374 carisa
505 3325 525 3372 θ
542 3321 552 3388 fl
569 3326 605 3375 tt
622 3334 849 3376 =eerseararemus
868 3320 1024 3374 Aaaatiue:
1044 3335 1141 3375 consu·

67 3388 187 3444 leremns
205 3393 225 3440 (t
243 3393 278 3456 et,
295 3395 328 3447 at
344 3391 414 3456 aid,
431 3395 455 3442 A
474 3391 681 3446 consideremus
701 3397 719 3446 ς

139 3461 160 3516 Ι.
188 3464 214 3530 5,
234 3466 250 3514 6
270 3475 370 3515 saeuus
389 3462 433 3532 (A)
453 3460 575 3516 consero
594 3467 620 3530 0,
639 3477 708 3516 cerr.
729 3479 752 3530 a
