2517 3925
424 209 615 293 suurnuu‘
628 237 661 290 1.
680 235 728 305 m,
748 242 772 292 e.

65 385 189 470 Litora,
211 382 267 469 qui
289 382 382 447 falsis
406 382 575 467 deceperat
596 380 708 467 Aegea
730 380 822 446 uelis.

70 474 161 538 Tunc
184 473 327 536 immane
351 491 484 555 gemens
505 471 719 556 foedatusque
743 492 801 535 ora
822 472 969 553 tepentes

72 562 203 626 Affatur
225 562 364 626 cineres:
388 560 457 624 ‘cur
479 581 549 642 nos,
571 559 735 646 fidissime,
756 559 875 644 linquis

67 650 216 715 Fortuna
237 649 401 727 redeunte,
424 648 540 732 pater?
572 649 668 714 modo
691 650 828 714 numina
851 646 961 731 magni

72 738 237 803 Praesidis
261 741 358 822 atque
381 738 497 802 breues
520 758 673 821 superum
693 738 895 822 placauimus
917 736 993 817 iras,

70 827 141 893 Nec
164 827 281 892 frueris
304 827 451 910 tantique
475 826 608 890 orbatus
631 826 775 891 muneris
798 848 859 890 usu

68 916 123 981 Ad
145 937 266 1001 manes,
288 916 426 999 ingrate,
448 913 545 1001 fugis.
577 936 636 979 nec
659 914 788 980 flectere
811 913 929 977 Parcas

68 1005 139 1069 Aut
161 1005 290 1088 placare
312 1004 418 1068 malae
441 1003 538 1068 datur
560 1024 676 1088 aspera
698 1004 833 1067 numina
856 998 997 1065 Lethes?

71 1092 176 1178 Felix,
200 1094 251 1158 cui
273 1113 394 1177 magna
416 1096 543 1177 patrem
566 1092 690 1157 ceruice
712 1092 844 1156 uehenti

73 1180 173 1246 Sacra
195 1181 392 1266 Mycenaeae
414 1182 521 1264 patuit
542 1180 724 1246 reuerentia
746 1180 909 1254 flammae!

73 1269 202 1354 Quique
225 1273 318 1335 tener
341 1271 447 1334 saeuis
471 1271 652 1357 genitorem
676 1267 781 1354 Scipio
805 1267 923 1334 Poenis

75 1359 225 1424 Abstulit
247 1361 281 1423 et
301 1357 386 1442 Lydi
408 1359 515 1441 pietas
537 1358 711 1424 temeraria
732 1359 839 1424 Lausi.

71 1446 164 1532 Ergo
188 1450 221 1511 et
244 1447 422 1512 Thessalici
445 1449 584 1512 coniunx
606 1469 744 1532 pensare
766 1446 882 1511 mariti

73 1535 186 1599 Funus
210 1539 244 1601 et
265 1535 423 1600 immitem
446 1539 555 1621 potuit
574 1534 679 1622 Styga
701 1538 830 1602 uincere
853 1532 988 1618 supplex

75 1624 257 1689 Thracius?
287 1623 350 1689 hoc
373 1629 495 1709 quanto
518 1626 634 1689 melius
657 1646 717 1709 pro
740 1629 833 1709 patre
856 1623 980 1688 liceret!

74 1712 151 1778 Non
174 1717 264 1778 totus
287 1713 413 1796 rapiere
435 1718 555 1799 tamen,
575 1736 635 1778 nec
658 1715 775 1778 funera
797 1712 925 1776 mittam

75 1800 236 1887 Longius3
258 1801 312 1866 hie
334 1820 457 1887 manes,
478 1802 532 1867 hic
553 1803 641 1869 intra
663 1805 751 1866 tecta
773 1801 906 1866 tenebor

75 1890 122 1954 Tu
146 1893 258 1955 custos
280 1889 493 1976 dominusque
516 1892 605 1978 laris,
627 1891 689 1955 tibi
712 1894 828 1955 cuncta
850 1892 982 1952 tuorum

74 1979 256 2063 Parebunt3
279 1999 340 2065 ego
363 1979 425 2044 rite
448 1981 557 2047 minor
580 2002 769 2066 semperque
793 1977 951 2045 secundus

77 2067 236 2133 Assiduae
258 2068 368 2133 libabo
392 2068 491 2154 dapes
514 2074 548 2135 et
568 2070 688 2154 poeula
711 2068 810 2133 sacris

78 2156 233 2221 Manibus
256 2156 443 2242 effigiesque
467 2159 585 2224 colam:
609 2162 642 2223 te
664 2158 772 2223 lucida
796 2178 882 2240 saxa,

78 2246 122 2309 Te
146 2246 285 2310 similem
309 2246 423 2312 doctae
446 2248 566 2312 referet
588 2247 669 2312 mihi
692 2247 780 2312 linea
803 2267 908 2329 cerae3

77 2334 173 2399 Nunc
196 2334 276 2398 ebur
298 2339 332 2399 et
353 2335 481 2410 fuluum
503 2338 614 2403 uultus
637 2336 820 2401 imitabitur
843 2356 966 2399 aurum.

77 2423 155 2487 Inde
179 2423 269 2488 uiam
290 2445 418 2488 morum
439 2425 620 2511 longaeque
644 2425 794 2490 examina
816 2425 904 2489 uitae

75 2512 270 2597 Affatusque
292 2514 365 2596 pios
388 2514 614 2599 monituraque
638 2514 765 2579 somnia
787 2509 940 2597 poscam?

77 2600 170 2664 Talia
193 2600 354 2665 dicentem
377 2603 506 2687 genitor
529 2602 695 2668 dulcedine
717 2602 804 2667 laeta

77 2688 181 2757 Audit
204 2692 238 2753 et
258 2689 389 2753 inmites
411 2691 499 2755 lente
522 2691 688 2756 descendit
711 2692 751 2756 ad
773 2690 905 2755 umbras

76 2776 251 2862 Uerbaque
275 2777 409 2843 dilectae
430 2780 496 2844 fert
516 2785 706 2845 narraturus
730 2779 897 2844 Etruscae.

79 2864 177 2931 Salue
201 2871 397 2953 supremum,
419 2870 528 2934 senior
551 2869 724 2933 mitissime
747 2871 887 2952 patrum,

80 2952 339 3040 Supremumque
361 2957 443 3042 uale,
465 2959 521 3042 qui
542 2979 720 3043 numquam
744 2956 867 3039 sospite
889 2958 967 3019 nato

80 3042 187 3109 Triste
211 3044 309 3109 chaos
333 3047 512 3131 maestique
536 3046 617 3111 situs
640 3046 764 3130 patiere
789 3043 935 3128 sepulcri.
1098 3040 1150 3103 '210

153 3368 206 3418 180
224 3362 321 3420 Litora
340 3369 400 3416 ca:
420 3361 515 3417 Litore
534 3364 641 3431 5l181
661 3362 781 3417 fremens
801 3360 1060 3429 Μο1111.ΙΙ182.011
1078 3358 1153 3413 edd..-

80 3434 125 3490 cui
144 3440 194 3488 ca
216 3437 226 3504 Ι
250 3440 300 3488 191
324 3434 375 3489 lidi
392 3437 428 3490 A:
454 3433 522 3488 lichi
540 3435 585 3488 uel
604 3433 653 3488 lici
672 3432 752 3501 (licii)
771 3438 788 3484 c
811 3433 821 3500 11
845 3436 896 3485 194
919 3430 972 3483 boc
991 3432 1014 3481 Δ
1033 3435 1064 3484 c:
1087 3430 1118 3484 11
1136 3448 1154 3481 a

82 3507 118 3561 ah
138 3511 248 3575 3l2⁰3
268 3507 439 3575 1110110110
458 3504 655 3573 Μ111ῑ.11104
674 3502 863 3569 morituraque
881 3505 904 3551 Δ
923 3504 949 3567 c,
970 3514 1040 3555 corr.
1058 3500 1139 3555 Dom.
