<?xml version="1.0" encoding="UTF-8"?>
<!DOCTYPE html PUBLIC "-//W3C//DTD XHTML 1.0 Transitional//EN"
    "http://www.w3.org/TR/xhtml1/DTD/xhtml1-transitional.dtd">
<html xmlns="http://www.w3.org/1999/xhtml" xml:lang="en" lang="en">
 <head>
  <title>
</title>
<meta http-equiv="Content-Type" content="text/html;charset=utf-8" />
  <meta name='ocr-system' content='tesseract 3.04.00' />
  <meta name='ocr-capabilities' content='ocr_page ocr_carea ocr_par ocr_line ocrx_word'/>
</head>
<body>
  <div class='ocr_page' id='page_1' title='image "./silvae01baehgoog_0022.png"; bbox 0 0 2517 3925; ppageno 0'>
   <div class='ocr_carea' id='block_1_1' title="bbox 412 263 1143 325">
    <p class='ocr_par' dir='ltr' id='par_1_1' title="bbox 412 263 1143 325">
     <span class='ocr_line' id='line_1_1' title="bbox 412 263 1143 325; baseline 0.01 -7"><span class='ocrx_word' id='word_1_1' title='bbox 412 263 581 321; x_wconf 84' lang='lat' dir='ltr'>EDITORIS</span> <span class='ocrx_word' id='word_1_2' title='bbox 600 266 820 323; x_wconf 79' lang='lat' dir='ltr'><strong>PRAEFATIO.</strong></span> <span class='ocrx_word' id='word_1_3' title='bbox 1095 290 1143 325; x_wconf 78' lang='lat' dir='ltr'><strong>xix</strong></span> 
     </span>
    </p>
   </div>
   <div class='ocr_carea' id='block_1_2' title="bbox 70 410 1144 1120">
    <p class='ocr_par' dir='ltr' id='par_1_2' title="bbox 70 410 1144 1120">
     <span class='ocr_line' id='line_1_2' title="bbox 71 410 1143 495; baseline 0.005 -20"><span class='ocrx_word' id='word_1_4' title='bbox 71 412 157 495; x_wconf 81' lang='lat' dir='ltr'><strong>uias3</strong></span> <span class='ocrx_word' id='word_1_5' title='bbox 194 410 352 475; x_wconf 91' lang='lat' dir='ltr'><strong>nimirum</strong></span> <span class='ocrx_word' id='word_1_6' title='bbox 384 411 490 495; x_wconf 89' lang='lat' dir='ltr'><strong>ipsum</strong></span> <span class='ocrx_word' id='word_1_7' title='bbox 523 411 603 477; x_wconf 92' lang='lat' dir='ltr'><strong>illud</strong></span> <span class='ocrx_word' id='word_1_8' title='bbox 632 412 725 478; x_wconf 87' lang='lat' dir='ltr'><strong>docte</strong></span> <span class='ocrx_word' id='word_1_9' title='bbox 754 416 787 478; x_wconf 88' lang='lat' dir='ltr'><strong>et</strong></span> <span class='ocrx_word' id='word_1_10' title='bbox 813 413 936 479; x_wconf 87' lang='lat' dir='ltr'><strong>imitari</strong></span> <span class='ocrx_word' id='word_1_11' title='bbox 963 418 997 478; x_wconf 93' lang='lat' dir='ltr'><strong>et</strong></span> <span class='ocrx_word' id='word_1_12' title='bbox 1022 437 1143 480; x_wconf 87' lang='lat' dir='ltr'><strong>nouare</strong></span> 
     </span>
     <span class='ocr_line' id='line_1_3' title="bbox 70 500 1143 590; baseline 0.003 -25"><span class='ocrx_word' id='word_1_13' title='bbox 70 524 135 566; x_wconf 93' lang='lat' dir='ltr'><strong>non</strong></span> <span class='ocrx_word' id='word_1_14' title='bbox 161 500 231 565; x_wconf 91' lang='lat' dir='ltr'><strong>sine</strong></span> <span class='ocrx_word' id='word_1_15' title='bbox 255 500 379 585; x_wconf 90' lang='lat' dir='ltr'><strong>uigiliis</strong></span> <span class='ocrx_word' id='word_1_16' title='bbox 408 500 500 566; x_wconf 91' lang='lat' dir='ltr'><strong>licuit</strong></span> <span class='ocrx_word' id='word_1_17' title='bbox 522 502 600 566; x_wconf 79' lang='lat' dir='ltr'><strong>fieri.</strong></span> <span class='ocrx_word' id='word_1_18' title='bbox 651 503 761 587; x_wconf 90' lang='lat' dir='ltr'><strong>itaque</strong></span> <span class='ocrx_word' id='word_1_19' title='bbox 784 503 819 567; x_wconf 94' lang='lat' dir='ltr'><strong>in</strong></span> <span class='ocrx_word' id='word_1_20' title='bbox 843 503 934 568; x_wconf 89' lang='lat' dir='ltr'><strong>siluis</strong></span> <span class='ocrx_word' id='word_1_21' title='bbox 956 504 1143 590; x_wconf 89' lang='lat' dir='ltr'><strong>plerumque</strong></span> 
     </span>
     <span class='ocr_line' id='line_1_4' title="bbox 71 588 1141 676; baseline 0.002 -22"><span class='ocrx_word' id='word_1_22' title='bbox 71 590 234 655; x_wconf 90' lang='lat' dir='ltr'><strong>abstinuit</strong></span> <span class='ocrx_word' id='word_1_23' title='bbox 262 612 282 653; x_wconf 87' lang='lat' dir='ltr'><strong>a</strong></span> <span class='ocrx_word' id='word_1_24' title='bbox 305 588 469 654; x_wconf 87' lang='lat' dir='ltr'><strong>meditatis</strong></span> <span class='ocrx_word' id='word_1_25' title='bbox 492 592 724 656; x_wconf 88' lang='lat' dir='ltr'><strong>nouationibus</strong></span> <span class='ocrx_word' id='word_1_26' title='bbox 747 591 914 676; x_wconf 86' lang='lat' dir='ltr'><strong>satiusque</strong></span> <span class='ocrx_word' id='word_1_27' title='bbox 939 592 1031 657; x_wconf 87' lang='lat' dir='ltr'><strong>duxit</strong></span> <span class='ocrx_word' id='word_1_28' title='bbox 1053 615 1141 658; x_wconf 91' lang='lat' dir='ltr'><strong>more</strong></span> 
     </span>
     <span class='ocr_line' id='line_1_5' title="bbox 72 678 1144 765; baseline 0.003 -22"><span class='ocrx_word' id='word_1_29' title='bbox 72 680 209 765; x_wconf 89' lang='lat' dir='ltr'><strong>uulgato</strong></span> <span class='ocrx_word' id='word_1_30' title='bbox 243 678 342 763; x_wconf 90' lang='lat' dir='ltr'><strong>loqui.</strong></span> <span class='ocrx_word' id='word_1_31' title='bbox 386 700 464 743; x_wconf 89' lang='lat' dir='ltr'><strong>nam</strong></span> <span class='ocrx_word' id='word_1_32' title='bbox 495 699 576 765; x_wconf 87' lang='lat' dir='ltr'><strong>quae</strong></span> <span class='ocrx_word' id='word_1_33' title='bbox 607 681 661 745; x_wconf 88' lang='lat' dir='ltr'><strong>uel</strong></span> <span class='ocrx_word' id='word_1_34' title='bbox 692 680 739 745; x_wconf 94' lang='lat' dir='ltr'><strong>sic</strong></span> <span class='ocrx_word' id='word_1_35' title='bbox 770 680 862 745; x_wconf 88' lang='lat' dir='ltr'><strong>siluis</strong></span> <span class='ocrx_word' id='word_1_36' title='bbox 894 682 1072 765; x_wconf 78' lang='lat' dir='ltr'>peculiaria</span> <span class='ocrx_word' id='word_1_37' title='bbox 1101 680 1144 765; x_wconf 88' lang='lat' dir='ltr'><strong>(si</strong></span> 
     </span>
     <span class='ocr_line' id='line_1_6' title="bbox 74 768 1144 855; baseline 0.001 -23"><span class='ocrx_word' id='word_1_38' title='bbox 74 791 146 832; x_wconf 90' lang='lat' dir='ltr'><strong>cum</strong></span> <span class='ocrx_word' id='word_1_39' title='bbox 166 768 314 852; x_wconf 92' lang='lat' dir='ltr'><strong>priorum</strong></span> <span class='ocrx_word' id='word_1_40' title='bbox 334 790 480 832; x_wconf 84' lang='lat' dir='ltr'><strong>sermone</strong></span> <span class='ocrx_word' id='word_1_41' title='bbox 499 770 683 855; x_wconf 79' lang='lat' dir='ltr'><strong>comparas)</strong></span> <span class='ocrx_word' id='word_1_42' title='bbox 702 774 880 854; x_wconf 77' lang='lat' dir='ltr'><strong>remanent,</strong></span> <span class='ocrx_word' id='word_1_43' title='bbox 902 770 1003 834; x_wconf 89' lang='lat' dir='ltr'><strong>uerba</strong></span> <span class='ocrx_word' id='word_1_44' title='bbox 1019 770 1144 835; x_wconf 91' lang='lat' dir='ltr'><strong>tumida</strong></span> 
     </span>
     <span class='ocr_line' id='line_1_7' title="bbox 74 857 1143 942; baseline 0.002 -21"><span class='ocrx_word' id='word_1_45' title='bbox 74 861 104 921; x_wconf 91' lang='lat' dir='ltr'><strong>et</strong></span> <span class='ocrx_word' id='word_1_46' title='bbox 124 857 348 923; x_wconf 77' lang='lat' dir='ltr'><strong>elocutionum</strong></span> <span class='ocrx_word' id='word_1_47' title='bbox 376 857 522 941; x_wconf 87' lang='lat' dir='ltr'><strong>ubertas,</strong></span> <span class='ocrx_word' id='word_1_48' title='bbox 550 858 630 924; x_wconf 89' lang='lat' dir='ltr'><strong>haec</strong></span> <span class='ocrx_word' id='word_1_49' title='bbox 658 880 731 924; x_wconf 92' lang='lat' dir='ltr'><strong>cum</strong></span> <span class='ocrx_word' id='word_1_50' title='bbox 759 858 887 923; x_wconf 88' lang='lat' dir='ltr'><strong>coaeuis</strong></span> <span class='ocrx_word' id='word_1_51' title='bbox 914 859 1020 942; x_wconf 90' lang='lat' dir='ltr'><strong>poetis</strong></span> <span class='ocrx_word' id='word_1_52' title='bbox 1047 860 1143 942; x_wconf 91' lang='lat' dir='ltr'><strong>plane</strong></span> 
     </span>
     <span class='ocr_line' id='line_1_8' title="bbox 76 944 1144 1032; baseline 0.002 -23"><span class='ocrx_word' id='word_1_53' title='bbox 76 946 258 1011; x_wconf 91' lang='lat' dir='ltr'><strong>communia</strong></span> <span class='ocrx_word' id='word_1_54' title='bbox 280 945 379 1011; x_wconf 89' lang='lat' dir='ltr'><strong>habet</strong></span> <span class='ocrx_word' id='word_1_55' title='bbox 403 944 538 1011; x_wconf 75' lang='lat' dir='ltr'><strong>Statius.</strong></span> <span class='ocrx_word' id='word_1_56' title='bbox 584 947 641 1012; x_wconf 88' lang='lat' dir='ltr'><strong>sed</strong></span> <span class='ocrx_word' id='word_1_57' title='bbox 663 948 710 1012; x_wconf 90' lang='lat' dir='ltr'><strong>ibi</strong></span> <span class='ocrx_word' id='word_1_58' title='bbox 734 968 871 1032; x_wconf 89' lang='lat' dir='ltr'><strong>quoquc,</strong></span> <span class='ocrx_word' id='word_1_59' title='bbox 892 947 949 1011; x_wconf 92' lang='lat' dir='ltr'><strong>ubi</strong></span> <span class='ocrx_word' id='word_1_60' title='bbox 973 947 1102 1011; x_wconf 87' lang='lat' dir='ltr'><strong>deflexit</strong></span> <span class='ocrx_word' id='word_1_61' title='bbox 1124 969 1144 1011; x_wconf 91' lang='lat' dir='ltr'><strong>a</strong></span> 
     </span>
     <span class='ocr_line' id='line_1_9' title="bbox 74 1034 1144 1120; baseline 0.002 -21"><span class='ocrx_word' id='word_1_62' title='bbox 74 1038 229 1101; x_wconf 89' lang='lat' dir='ltr'><strong>consueto</strong></span> <span class='ocrx_word' id='word_1_63' title='bbox 257 1034 411 1120; x_wconf 92' lang='lat' dir='ltr'><strong>loquendi</strong></span> <span class='ocrx_word' id='word_1_64' title='bbox 438 1058 511 1120; x_wconf 89' lang='lat' dir='ltr'><strong>usu,</strong></span> <span class='ocrx_word' id='word_1_65' title='bbox 541 1039 579 1101; x_wconf 93' lang='lat' dir='ltr'><strong>ut</strong></span> <span class='ocrx_word' id='word_1_66' title='bbox 601 1036 763 1102; x_wconf 89' lang='lat' dir='ltr'><strong>interdum</strong></span> <span class='ocrx_word' id='word_1_67' title='bbox 786 1035 952 1120; x_wconf 72' lang='lat' dir='ltr'><strong>audacter,</strong></span> <span class='ocrx_word' id='word_1_68' title='bbox 979 1036 1027 1099; x_wconf 90' lang='lat' dir='ltr'><strong>ita</strong></span> <span class='ocrx_word' id='word_1_69' title='bbox 1053 1058 1144 1101; x_wconf 91' lang='lat' dir='ltr'><strong>num-</strong></span> 
     </span>
    </p>
   </div>
   <div class='ocr_carea' id='block_1_3' title="bbox 71 1124 1144 1298">
    <p class='ocr_par' dir='ltr' id='par_1_3' title="bbox 71 1124 1144 1298">
     <span class='ocr_line' id='line_1_10' title="bbox 73 1124 1144 1214; baseline 0.003 -27"><span class='ocrx_word' id='word_1_70' title='bbox 73 1145 173 1208; x_wconf 90' lang='lat' dir='ltr'><strong>quam</strong></span> <span class='ocrx_word' id='word_1_71' title='bbox 203 1124 341 1189; x_wconf 89' lang='lat' dir='ltr'><strong>absurde</strong></span> <span class='ocrx_word' id='word_1_72' title='bbox 367 1125 517 1209; x_wconf 80' lang='lat' dir='ltr'><strong>nouauit3</strong></span> <span class='ocrx_word' id='word_1_73' title='bbox 549 1128 587 1189; x_wconf 90' lang='lat' dir='ltr'><strong>ut</strong></span> <span class='ocrx_word' id='word_1_74' title='bbox 614 1146 661 1190; x_wconf 87' lang='lat' dir='ltr'><strong>ex.</strong></span> <span class='ocrx_word' id='word_1_75' title='bbox 690 1146 737 1211; x_wconf 88' lang='lat' dir='ltr'><strong>gr.</strong></span> <span class='ocrx_word' id='word_1_76' title='bbox 765 1126 913 1209; x_wconf 87' lang='lat' dir='ltr'><strong>ineptum</strong></span> <span class='ocrx_word' id='word_1_77' title='bbox 946 1125 990 1189; x_wconf 91' lang='lat' dir='ltr'><strong>sit</strong></span> <span class='ocrx_word' id='word_1_78' title='bbox 1020 1128 1144 1214; x_wconf 85' lang='lat' dir='ltr'><strong>putare,</strong></span> 
     </span>
     <span class='ocr_line' id='line_1_11' title="bbox 71 1211 974 1298; baseline 0.002 -21"><span class='ocrx_word' id='word_1_79' title='bbox 71 1236 145 1278; x_wconf 93' lang='lat' dir='ltr'><strong>eum</strong></span> <span class='ocrx_word' id='word_1_80' title='bbox 171 1214 241 1279; x_wconf 91' lang='lat' dir='ltr'><strong>silu.</strong></span> <span class='ocrx_word' id='word_1_81' title='bbox 265 1211 351 1297; x_wconf 81' lang='lat'><strong>112,</strong></span> <span class='ocrx_word' id='word_1_82' title='bbox 375 1214 417 1278; x_wconf 85' lang='grc'><strong>93</strong></span> <span class='ocrx_word' id='word_1_83' title='bbox 441 1214 474 1277; x_wconf 93' lang='lat' dir='ltr'><strong>id</strong></span> <span class='ocrx_word' id='word_1_84' title='bbox 499 1214 585 1298; x_wconf 93' lang='lat' dir='ltr'><strong>quod</strong></span> <span class='ocrx_word' id='word_1_85' title='bbox 608 1214 699 1280; x_wconf 85' lang='lat' dir='ltr'><strong>codd.</strong></span> <span class='ocrx_word' id='word_1_86' title='bbox 721 1214 856 1279; x_wconf 88' lang='lat' dir='ltr'><strong>habent:</strong></span> <span class='ocrx_word' id='word_1_87' title='bbox 967 1249 974 1265; x_wconf 62' lang='grc' dir='ltr'><strong><em>ι</em></strong></span> 
     </span>
    </p>
   </div>
   <div class='ocr_carea' id='block_1_4' title="bbox 233 1334 981 1407">
    <p class='ocr_par' dir='ltr' id='par_1_4' title="bbox 233 1334 981 1407">
     <span class='ocr_line' id='line_1_12' title="bbox 233 1334 981 1407; baseline 0.004 -18"><span class='ocrx_word' id='word_1_88' title='bbox 233 1334 271 1389; x_wconf 83' lang='lat' dir='ltr'><strong>Et</strong></span> <span class='ocrx_word' id='word_1_89' title='bbox 289 1334 372 1390; x_wconf 79' lang='lat' dir='ltr'><strong>Chios</strong></span> <span class='ocrx_word' id='word_1_90' title='bbox 392 1337 421 1390; x_wconf 92' lang='lat' dir='ltr'><strong>et</strong></span> <span class='ocrx_word' id='word_1_91' title='bbox 439 1336 565 1405; x_wconf 85' lang='lat' dir='ltr'><strong>gaudens</strong></span> <span class='ocrx_word' id='word_1_92' title='bbox 584 1335 685 1391; x_wconf 91' lang='lat' dir='ltr'><strong>fluctus</strong></span> <span class='ocrx_word' id='word_1_93' title='bbox 705 1339 831 1406; x_wconf 87' lang='lat' dir='ltr'><strong>spectare</strong></span> <span class='ocrx_word' id='word_1_94' title='bbox 850 1335 981 1407; x_wconf 78' lang='lat' dir='ltr'><strong>Carystos</strong></span> 
     </span>
    </p>
   </div>
   <div class='ocr_carea' id='block_1_5' title="bbox 17 1443 1146 3135">
    <p class='ocr_par' dir='ltr' id='par_1_5' title="bbox 17 1443 1146 3135">
     <span class='ocr_line' id='line_1_13' title="bbox 71 1443 1143 1531; baseline 0.002 -22"><span class='ocrx_word' id='word_1_95' title='bbox 71 1445 242 1529; x_wconf 83' lang='lat' dir='ltr'><strong>scripsisse</strong></span> <span class='ocrx_word' id='word_1_96' title='bbox 262 1444 303 1508; x_wconf 89' lang='lat' dir='ltr'><strong>ad</strong></span> <span class='ocrx_word' id='word_1_97' title='bbox 321 1443 569 1510; x_wconf 90' lang='lat' dir='ltr'><strong>similitudinem</strong></span> <span class='ocrx_word' id='word_1_98' title='bbox 586 1446 787 1511; x_wconf 90' lang='lat' dir='ltr'><strong>locutionum</strong></span> <span class='ocrx_word' id='word_1_99' title='bbox 806 1469 888 1531; x_wconf 91' lang='lat' dir='ltr'><strong>quae</strong></span> <span class='ocrx_word' id='word_1_100' title='bbox 907 1450 984 1511; x_wconf 94' lang='lat' dir='ltr'><strong>sunt</strong></span> <span class='ocrx_word' id='word_1_101' title='bbox 1002 1446 1143 1513; x_wconf 78' lang='lat' dir='ltr'><strong>‘crocum</strong></span> 
     </span>
     <span class='ocr_line' id='line_1_14' title="bbox 72 1532 1141 1621; baseline 0.001 -21"><span class='ocrx_word' id='word_1_102' title='bbox 72 1536 169 1617; x_wconf 91' lang='lat' dir='ltr'><strong>olere,</strong></span> <span class='ocrx_word' id='word_1_103' title='bbox 192 1554 283 1597; x_wconf 88' lang='lat' dir='ltr'><strong>mare</strong></span> <span class='ocrx_word' id='word_1_104' title='bbox 308 1532 445 1617; x_wconf 89' lang='lat' dir='ltr'><strong>sapere&#39;,</strong></span> <span class='ocrx_word' id='word_1_105' title='bbox 468 1556 542 1599; x_wconf 92' lang='lat' dir='ltr'><strong>cum</strong></span> <span class='ocrx_word' id='word_1_106' title='bbox 564 1533 647 1599; x_wconf 91' lang='lat' dir='ltr'><strong>illud</strong></span> <span class='ocrx_word' id='word_1_107' title='bbox 670 1536 718 1599; x_wconf 92' lang='lat' dir='ltr'><strong>nil</strong></span> <span class='ocrx_word' id='word_1_108' title='bbox 741 1537 847 1620; x_wconf 86' lang='lat' dir='ltr'><strong>possit</strong></span> <span class='ocrx_word' id='word_1_109' title='bbox 870 1535 1053 1621; x_wconf 88' lang='lat' dir='ltr'><strong>significare</strong></span> <span class='ocrx_word' id='word_1_110' title='bbox 1075 1537 1141 1601; x_wconf 91' lang='lat' dir='ltr'><strong>nisi</strong></span> 
     </span>
     <span class='ocr_line' id='line_1_15' title="bbox 71 1620 1144 1710; baseline 0.001 -21"><span class='ocrx_word' id='word_1_111' title='bbox 71 1624 133 1689; x_wconf 88' lang='lat' dir='ltr'><strong>hoc</strong></span> <span class='ocrx_word' id='word_1_112' title='bbox 167 1622 326 1687; x_wconf 74' lang='lat' dir='ltr'><strong>‘marmor</strong></span> <span class='ocrx_word' id='word_1_113' title='bbox 358 1620 546 1707; x_wconf 76' lang='lat' dir='ltr'><strong>Caryatium</strong></span> <span class='ocrx_word' id='word_1_114' title='bbox 578 1624 613 1687; x_wconf 92' lang='lat' dir='ltr'><strong>in</strong></span> <span class='ocrx_word' id='word_1_115' title='bbox 646 1646 733 1689; x_wconf 89' lang='lat' dir='ltr'><strong>mare</strong></span> <span class='ocrx_word' id='word_1_116' title='bbox 765 1623 951 1709; x_wconf 87' lang='lat' dir='ltr'><strong>prospicere</strong></span> <span class='ocrx_word' id='word_1_117' title='bbox 979 1624 1144 1710; x_wconf 89' lang='lat' dir='ltr'><strong>gaudens&#39;.</strong></span> 
     </span>
     <span class='ocr_line' id='line_1_16' title="bbox 72 1712 1144 1797; baseline 0 -20"><span class='ocrx_word' id='word_1_118' title='bbox 72 1714 106 1778; x_wconf 92' lang='lat' dir='ltr'><strong>in</strong></span> <span class='ocrx_word' id='word_1_119' title='bbox 133 1712 216 1776; x_wconf 86' lang='lat' dir='ltr'><strong>talia</strong></span> <span class='ocrx_word' id='word_1_120' title='bbox 243 1712 315 1777; x_wconf 88' lang='lat' dir='ltr'><strong>loca</strong></span> <span class='ocrx_word' id='word_1_121' title='bbox 342 1734 409 1777; x_wconf 92' lang='lat' dir='ltr'><strong>non</strong></span> <span class='ocrx_word' id='word_1_122' title='bbox 440 1712 527 1777; x_wconf 88' lang='lat' dir='ltr'><strong>cadit</strong></span> <span class='ocrx_word' id='word_1_123' title='bbox 554 1712 610 1777; x_wconf 88' lang='lat' dir='ltr'><strong>illa</strong></span> <span class='ocrx_word' id='word_1_124' title='bbox 643 1713 871 1797; x_wconf 85' lang='lat' dir='ltr'><strong>extemporalis</strong></span> <span class='ocrx_word' id='word_1_125' title='bbox 904 1713 1057 1779; x_wconf 88' lang='lat' dir='ltr'><strong>audaciae</strong></span> <span class='ocrx_word' id='word_1_126' title='bbox 1089 1737 1144 1778; x_wconf 82' lang='lat' dir='ltr'><strong>ex-</strong></span> 
     </span>
     <span class='ocr_line' id='line_1_17' title="bbox 72 1800 1143 1887; baseline 0 -20"><span class='ocrx_word' id='word_1_127' title='bbox 72 1801 212 1884; x_wconf 90' lang='lat' dir='ltr'><strong>cusatio,</strong></span> <span class='ocrx_word' id='word_1_128' title='bbox 246 1800 323 1885; x_wconf 88' lang='lat' dir='ltr'><strong>quia</strong></span> <span class='ocrx_word' id='word_1_129' title='bbox 347 1801 385 1887; x_wconf 77' lang='lat' dir='ltr'><strong>in</strong></span> <span class='ocrx_word' id='word_1_130' title='bbox 412 1800 554 1866; x_wconf 86' lang='lat' dir='ltr'><strong>dictione</strong></span> <span class='ocrx_word' id='word_1_131' title='bbox 581 1804 711 1884; x_wconf 91' lang='lat' dir='ltr'><strong>poetica</strong></span> <span class='ocrx_word' id='word_1_132' title='bbox 740 1802 897 1886; x_wconf 87' lang='lat' dir='ltr'><strong>regnabat</strong></span> <span class='ocrx_word' id='word_1_133' title='bbox 924 1802 990 1865; x_wconf 88' lang='lat' dir='ltr'><strong>fere</strong></span> <span class='ocrx_word' id='word_1_134' title='bbox 1019 1800 1143 1867; x_wconf 84' lang='lat' dir='ltr'><strong>Statius</strong></span> 
     </span>
     <span class='ocr_line' id='line_1_18' title="bbox 73 1889 1144 1976; baseline -0.002 -21"><span class='ocrx_word' id='word_1_135' title='bbox 73 1913 178 1976; x_wconf 93' lang='lat' dir='ltr'><strong>neque</strong></span> <span class='ocrx_word' id='word_1_136' title='bbox 208 1890 383 1976; x_wconf 84' lang='lat' dir='ltr'><strong>ignorabat</strong></span> <span class='ocrx_word' id='word_1_137' title='bbox 411 1889 512 1975; x_wconf 90' lang='lat' dir='ltr'><strong>idem,</strong></span> <span class='ocrx_word' id='word_1_138' title='bbox 534 1890 639 1955; x_wconf 91' lang='lat' dir='ltr'><strong>multo</strong></span> <span class='ocrx_word' id='word_1_139' title='bbox 662 1890 789 1956; x_wconf 85' lang='lat' dir='ltr'><strong>facilius</strong></span> <span class='ocrx_word' id='word_1_140' title='bbox 813 1889 1049 1955; x_wconf 85' lang='lat' dir='ltr'><strong>condonaturos</strong></span> <span class='ocrx_word' id='word_1_141' title='bbox 1074 1912 1144 1954; x_wconf 89' lang='lat' dir='ltr'><strong>esse</strong></span> 
     </span>
     <span class='ocr_line' id='line_1_19' title="bbox 73 1979 1144 2064; baseline -0.001 -19"><span class='ocrx_word' id='word_1_142' title='bbox 73 1981 231 2064; x_wconf 73' lang='lat' dir='ltr'><strong>aequales·</strong></span> <span class='ocrx_word' id='word_1_143' title='bbox 255 1979 338 2045; x_wconf 89' lang='lat' dir='ltr'><strong>uitia</strong></span> <span class='ocrx_word' id='word_1_144' title='bbox 370 1980 537 2045; x_wconf 90' lang='lat' dir='ltr'><strong>doctrinae</strong></span> <span class='ocrx_word' id='word_1_145' title='bbox 571 2001 670 2064; x_wconf 89' lang='lat' dir='ltr'><strong>quam</strong></span> <span class='ocrx_word' id='word_1_146' title='bbox 701 1980 869 2044; x_wconf 89' lang='lat' dir='ltr'><strong>sermonis.</strong></span> <span class='ocrx_word' id='word_1_147' title='bbox 906 1999 1024 2063; x_wconf 78' lang='lat' dir='ltr'><strong>neque</strong></span> <span class='ocrx_word' id='word_1_148' title='bbox 1056 1981 1144 2044; x_wconf 91' lang='lat' dir='ltr'><strong>enim</strong></span> 
     </span>
     <span class='ocr_line' id='line_1_20' title="bbox 73 2068 1143 2153; baseline 0 -19"><span class='ocrx_word' id='word_1_149' title='bbox 73 2069 252 2135; x_wconf 86' lang='lat' dir='ltr'><strong>cantilenas</strong></span> <span class='ocrx_word' id='word_1_150' title='bbox 276 2069 448 2153; x_wconf 90' lang='lat' dir='ltr'><strong>populares</strong></span> <span class='ocrx_word' id='word_1_151' title='bbox 472 2069 615 2153; x_wconf 87' lang='lat' dir='ltr'><strong>scripsit,</strong></span> <span class='ocrx_word' id='word_1_152' title='bbox 644 2069 700 2134; x_wconf 90' lang='lat' dir='ltr'><strong>sed</strong></span> <span class='ocrx_word' id='word_1_153' title='bbox 723 2068 853 2134; x_wconf 92' lang='lat' dir='ltr'><strong>libellos</strong></span> <span class='ocrx_word' id='word_1_154' title='bbox 877 2089 953 2133; x_wconf 91' lang='lat' dir='ltr'><strong>suos</strong></span> <span class='ocrx_word' id='word_1_155' title='bbox 977 2069 1018 2133; x_wconf 92' lang='lat' dir='ltr'><strong>ab</strong></span> <span class='ocrx_word' id='word_1_156' title='bbox 1040 2069 1143 2134; x_wconf 90' lang='lat' dir='ltr'><strong>homi-</strong></span> 
     </span>
     <span class='ocr_line' id='line_1_21' title="bbox 73 2157 1145 2243; baseline -0.003 -19"><span class='ocrx_word' id='word_1_157' title='bbox 73 2160 170 2224; x_wconf 90' lang='lat' dir='ltr'><strong>nibus</strong></span> <span class='ocrx_word' id='word_1_158' title='bbox 198 2157 391 2223; x_wconf 90' lang='lat' dir='ltr'><strong>cultioribus</strong></span> <span class='ocrx_word' id='word_1_159' title='bbox 419 2158 485 2242; x_wconf 88' lang='lat' dir='ltr'><strong>legi</strong></span> <span class='ocrx_word' id='word_1_160' title='bbox 512 2159 627 2223; x_wconf 93' lang='lat' dir='ltr'><strong>uoluit.</strong></span> <span class='ocrx_word' id='word_1_161' title='bbox 677 2159 787 2243; x_wconf 90' lang='lat' dir='ltr'><strong>itaque</strong></span> <span class='ocrx_word' id='word_1_162' title='bbox 815 2158 862 2223; x_wconf 92' lang='lat' dir='ltr'><strong>sic</strong></span> <span class='ocrx_word' id='word_1_163' title='bbox 890 2178 942 2222; x_wconf 90' lang='lat' dir='ltr'><strong>ars</strong></span> <span class='ocrx_word' id='word_1_164' title='bbox 970 2158 1082 2223; x_wconf 90' lang='lat' dir='ltr'><strong>critica</strong></span> <span class='ocrx_word' id='word_1_165' title='bbox 1109 2159 1145 2222; x_wconf 90' lang='lat' dir='ltr'><strong>in</strong></span> 
     </span>
     <span class='ocr_line' id='line_1_22' title="bbox 74 2247 1144 2314; baseline -0.003 -1"><span class='ocrx_word' id='word_1_166' title='bbox 74 2247 165 2314; x_wconf 90' lang='lat' dir='ltr'><strong>siluis</strong></span> <span class='ocrx_word' id='word_1_167' title='bbox 190 2250 239 2312; x_wconf 89' lang='lat' dir='ltr'><strong>est</strong></span> <span class='ocrx_word' id='word_1_168' title='bbox 263 2247 438 2312; x_wconf 83' lang='lat' dir='ltr'><strong>exercenda</strong></span> <span class='ocrx_word' id='word_1_169' title='bbox 461 2250 498 2312; x_wconf 89' lang='lat' dir='ltr'><strong>ut</strong></span> <span class='ocrx_word' id='word_1_170' title='bbox 520 2269 585 2311; x_wconf 92' lang='lat' dir='ltr'><strong>non</strong></span> <span class='ocrx_word' id='word_1_171' title='bbox 608 2247 706 2312; x_wconf 89' lang='lat' dir='ltr'><strong>mmis</strong></span> <span class='ocrx_word' id='word_1_172' title='bbox 731 2268 840 2311; x_wconf 88' lang='lat' dir='ltr'><strong>seuere</strong></span> <span class='ocrx_word' id='word_1_173' title='bbox 864 2247 1081 2311; x_wconf 84' lang='lat' dir='ltr'><strong>examinemus</strong></span> <span class='ocrx_word' id='word_1_174' title='bbox 1105 2269 1144 2310; x_wconf 90' lang='lat' dir='ltr'><strong>ea</strong></span> 
     </span>
     <span class='ocr_line' id='line_1_23' title="bbox 17 2335 1145 2424; baseline -0.002 -22"><span class='ocrx_word' id='word_1_175' title='bbox 17 2347 18 2378; x_wconf 43' lang='grc' dir='ltr'>ἒ</span> <span class='ocrx_word' id='word_1_176' title='bbox 75 2359 155 2424; x_wconf 89' lang='lat' dir='ltr'><strong>quae</strong></span> <span class='ocrx_word' id='word_1_177' title='bbox 172 2337 213 2400; x_wconf 90' lang='lat' dir='ltr'><strong>ad</strong></span> <span class='ocrx_word' id='word_1_178' title='bbox 232 2335 411 2400; x_wconf 87' lang='lat' dir='ltr'><strong>doctrinam</strong></span> <span class='ocrx_word' id='word_1_179' title='bbox 431 2337 674 2420; x_wconf 88' lang='lat' dir='ltr'><strong>carminumque</strong></span> <span class='ocrx_word' id='word_1_180' title='bbox 693 2336 962 2424; x_wconf 88' lang='lat' dir='ltr'><strong>compositionem</strong></span> <span class='ocrx_word' id='word_1_181' title='bbox 981 2339 1145 2420; x_wconf 87' lang='lat' dir='ltr'><strong>spectant;</strong></span> 
     </span>
     <span class='ocr_line' id='line_1_24' title="bbox 17 2423 1143 2510; baseline -0.004 -17"><span class='ocrx_word' id='word_1_182' title='bbox 17 2429 18 2474; x_wconf 68' lang='lat' dir='ltr'><strong>l</strong></span> <span class='ocrx_word' id='word_1_183' title='bbox 74 2429 107 2493; x_wconf 89' lang='lat' dir='ltr'><strong>in</strong></span> <span class='ocrx_word' id='word_1_184' title='bbox 131 2424 303 2506; x_wconf 82' lang='lat' dir='ltr'><strong>sententiis</strong></span> <span class='ocrx_word' id='word_1_185' title='bbox 325 2425 406 2509; x_wconf 89' lang='lat' dir='ltr'><strong>ipsis</strong></span> <span class='ocrx_word' id='word_1_186' title='bbox 429 2424 600 2510; x_wconf 90' lang='lat' dir='ltr'><strong>uerbisque</strong></span> <span class='ocrx_word' id='word_1_187' title='bbox 623 2447 801 2510; x_wconf 90' lang='lat' dir='ltr'><strong>numquam</strong></span> <span class='ocrx_word' id='word_1_188' title='bbox 820 2424 1049 2490; x_wconf 88' lang='lat' dir='ltr'><strong>obliuiscamur</strong></span> <span class='ocrx_word' id='word_1_189' title='bbox 1072 2423 1143 2489; x_wconf 84' lang='lat' dir='ltr'><strong>Sta-</strong></span> 
     </span>
     <span class='ocr_line' id='line_1_25' title="bbox 73 2511 1142 2598; baseline -0.005 -17"><span class='ocrx_word' id='word_1_190' title='bbox 73 2517 155 2581; x_wconf 90' lang='lat' dir='ltr'><strong>tium</strong></span> <span class='ocrx_word' id='word_1_191' title='bbox 179 2513 241 2580; x_wconf 91' lang='lat' dir='ltr'><strong>etsi</strong></span> <span class='ocrx_word' id='word_1_192' title='bbox 264 2513 437 2598; x_wconf 88' lang='lat' dir='ltr'><strong>aliquando</strong></span> <span class='ocrx_word' id='word_1_193' title='bbox 461 2513 666 2579; x_wconf 86' lang='lat' dir='ltr'><strong>audaciorem</strong></span> <span class='ocrx_word' id='word_1_194' title='bbox 681 2515 841 2598; x_wconf 89' lang='lat' dir='ltr'><strong>simulque</strong></span> <span class='ocrx_word' id='word_1_195' title='bbox 856 2511 906 2597; x_wconf 89' lang='lat' dir='ltr'><strong>(ut</strong></span> <span class='ocrx_word' id='word_1_196' title='bbox 920 2513 955 2576; x_wconf 91' lang='lat' dir='ltr'><strong>in</strong></span> <span class='ocrx_word' id='word_1_197' title='bbox 969 2513 1142 2578; x_wconf 89' lang='lat' dir='ltr'><strong>eorundem</strong></span> 
     </span>
     <span class='ocr_line' id='line_1_26' title="bbox 17 2599 1146 2688; baseline -0.004 -18"><span class='ocrx_word' id='word_1_198' title='bbox 17 2653 18 2658; x_wconf 19' lang='grc' dir='ltr'>η</span> <span class='ocrx_word' id='word_1_199' title='bbox 74 2603 308 2672; x_wconf 88' lang='lat' dir='ltr'><strong>uocabulorum</strong></span> <span class='ocrx_word' id='word_1_200' title='bbox 335 2599 543 2688; x_wconf 84' lang='lat' dir='ltr'><strong>repetitione)</strong></span> <span class='ocrx_word' id='word_1_201' title='bbox 566 2604 858 2688; x_wconf 79' lang='lat' dir='ltr'><strong>neglegentiorem,</strong></span> <span class='ocrx_word' id='word_1_202' title='bbox 880 2601 1012 2665; x_wconf 90' lang='lat' dir='ltr'><strong>minime</strong></span> <span class='ocrx_word' id='word_1_203' title='bbox 1035 2604 1146 2666; x_wconf 90' lang='lat' dir='ltr'><strong>tamen</strong></span> 
     </span>
     <span class='ocr_line' id='line_1_27' title="bbox 74 2691 1146 2777; baseline -0.006 -18"><span class='ocrx_word' id='word_1_204' title='bbox 74 2693 186 2759; x_wconf 91' lang='lat' dir='ltr'><strong>iudicii</strong></span> <span class='ocrx_word' id='word_1_205' title='bbox 210 2713 372 2777; x_wconf 89' lang='lat' dir='ltr'><strong>sanaeque</strong></span> <span class='ocrx_word' id='word_1_206' title='bbox 391 2692 510 2757; x_wconf 91' lang='lat' dir='ltr'><strong>mentis</strong></span> <span class='ocrx_word' id='word_1_207' title='bbox 530 2696 695 2775; x_wconf 90' lang='lat' dir='ltr'><strong>expertem</strong></span> <span class='ocrx_word' id='word_1_208' title='bbox 718 2691 834 2777; x_wconf 71' lang='lat' dir='ltr'><strong>fuisse,</strong></span> <span class='ocrx_word' id='word_1_209' title='bbox 857 2691 995 2774; x_wconf 91' lang='lat' dir='ltr'><strong>denique</strong></span> <span class='ocrx_word' id='word_1_210' title='bbox 1018 2712 1146 2773; x_wconf 90' lang='lat' dir='ltr'><strong>semper</strong></span> 
     </span>
     <span class='ocr_line' id='line_1_28' title="bbox 73 2779 1145 2868; baseline -0.007 -19"><span class='ocrx_word' id='word_1_211' title='bbox 73 2783 175 2868; x_wconf 91' lang='lat' dir='ltr'><strong>probe</strong></span> <span class='ocrx_word' id='word_1_212' title='bbox 207 2781 447 2845; x_wconf 90' lang='lat' dir='ltr'><strong>meminerimus</strong></span> <span class='ocrx_word' id='word_1_213' title='bbox 480 2780 560 2845; x_wconf 89' lang='lat' dir='ltr'><strong>haec</strong></span> <span class='ocrx_word' id='word_1_214' title='bbox 593 2781 737 2846; x_wconf 90' lang='lat' dir='ltr'><strong>carmina</strong></span> <span class='ocrx_word' id='word_1_215' title='bbox 769 2802 836 2844; x_wconf 91' lang='lat' dir='ltr'><strong>non</strong></span> <span class='ocrx_word' id='word_1_216' title='bbox 867 2780 902 2844; x_wconf 94' lang='lat' dir='ltr'><strong>in</strong></span> <span class='ocrx_word' id='word_1_217' title='bbox 935 2801 1006 2844; x_wconf 90' lang='lat' dir='ltr'><strong>aere</strong></span> <span class='ocrx_word' id='word_1_218' title='bbox 1033 2779 1145 2864; x_wconf 87' lang='lat' dir='ltr'><strong>incisa,</strong></span> 
     </span>
     <span class='ocr_line' id='line_1_29' title="bbox 75 2868 1145 2956; baseline -0.006 -18"><span class='ocrx_word' id='word_1_219' title='bbox 75 2873 130 2938; x_wconf 89' lang='lat' dir='ltr'><strong>sed</strong></span> <span class='ocrx_word' id='word_1_220' title='bbox 152 2892 211 2956; x_wconf 92' lang='lat' dir='ltr'><strong>per</strong></span> <span class='ocrx_word' id='word_1_221' title='bbox 234 2870 398 2934; x_wconf 86' lang='lat' dir='ltr'><strong>uariorum</strong></span> <span class='ocrx_word' id='word_1_222' title='bbox 421 2870 626 2934; x_wconf 91' lang='lat' dir='ltr'><strong>librariorum</strong></span> <span class='ocrx_word' id='word_1_223' title='bbox 645 2871 745 2934; x_wconf 88' lang='lat' dir='ltr'><strong>uerba</strong></span> <span class='ocrx_word' id='word_1_224' title='bbox 762 2869 884 2934; x_wconf 88' lang='lat' dir='ltr'><strong>tradita</strong></span> <span class='ocrx_word' id='word_1_225' title='bbox 902 2868 1006 2954; x_wconf 90' lang='lat' dir='ltr'><strong>magis</strong></span> <span class='ocrx_word' id='word_1_226' title='bbox 1026 2868 1145 2953; x_wconf 89' lang='lat' dir='ltr'><strong>magis-</strong></span> 
     </span>
     <span class='ocr_line' id='line_1_30' title="bbox 74 2957 1143 3047; baseline -0.004 -21"><span class='ocrx_word' id='word_1_227' title='bbox 74 2983 134 3047; x_wconf 92' lang='lat' dir='ltr'><strong>que</strong></span> <span class='ocrx_word' id='word_1_228' title='bbox 158 2957 432 3042; x_wconf 89' lang='lat' dir='ltr'><strong>corrumpentium</strong></span> <span class='ocrx_word' id='word_1_229' title='bbox 455 2962 637 3043; x_wconf 90' lang='lat' dir='ltr'><strong>iterumque</strong></span> <span class='ocrx_word' id='word_1_230' title='bbox 654 2959 816 3023; x_wconf 89' lang='lat' dir='ltr'><strong>interdum</strong></span> <span class='ocrx_word' id='word_1_231' title='bbox 834 2962 987 3041; x_wconf 91' lang='lat' dir='ltr'><strong>corrupta</strong></span> <span class='ocrx_word' id='word_1_232' title='bbox 1005 2979 1065 3042; x_wconf 92' lang='lat' dir='ltr'><strong>pro</strong></span> <span class='ocrx_word' id='word_1_233' title='bbox 1085 2979 1143 3022; x_wconf 93' lang='lat' dir='ltr'><strong>suo</strong></span> 
     </span>
     <span class='ocr_line' id='line_1_31' title="bbox 75 3045 965 3135; baseline -0.007 -19"><span class='ocrx_word' id='word_1_234' title='bbox 75 3053 170 3135; x_wconf 88' lang='lat' dir='ltr'><strong>captu</strong></span> <span class='ocrx_word' id='word_1_235' title='bbox 194 3045 461 3135; x_wconf 83' lang='lat' dir='ltr'><strong>corrigentium*)</strong></span> <span class='ocrx_word' id='word_1_236' title='bbox 486 3048 601 3113; x_wconf 90' lang='lat' dir='ltr'><strong>seriem</strong></span> <span class='ocrx_word' id='word_1_237' title='bbox 624 3048 666 3112; x_wconf 87' lang='lat' dir='ltr'><strong>ad</strong></span> <span class='ocrx_word' id='word_1_238' title='bbox 687 3070 748 3114; x_wconf 93' lang='lat' dir='ltr'><strong>nos</strong></span> <span class='ocrx_word' id='word_1_239' title='bbox 771 3045 965 3131; x_wconf 90' lang='lat' dir='ltr'><strong>peruenisse.</strong></span> 
     </span>
    </p>
   </div>
   <div class='ocr_carea' id='block_1_6' title="bbox 74 3254 1243 3616">
    <p class='ocr_par' dir='ltr' id='par_1_6' title="bbox 74 3254 1243 3616">
     <span class='ocr_line' id='line_1_32' title="bbox 149 3254 1146 3331; baseline -0.006 -17"><span class='ocrx_word' id='word_1_240' title='bbox 149 3261 177 3331; x_wconf 71' lang='lat'><strong>³⁸)</strong></span> <span class='ocrx_word' id='word_1_241' title='bbox 204 3257 386 3314; x_wconf 88' lang='lat' dir='ltr'><strong>memorabile</strong></span> <span class='ocrx_word' id='word_1_242' title='bbox 413 3258 495 3313; x_wconf 90' lang='lat' dir='ltr'><strong>huius</strong></span> <span class='ocrx_word' id='word_1_243' title='bbox 522 3258 563 3313; x_wconf 91' lang='lat' dir='ltr'><strong>rei</strong></span> <span class='ocrx_word' id='word_1_244' title='bbox 591 3259 749 3329; x_wconf 83' lang='lat' dir='ltr'><strong>exemplum</strong></span> <span class='ocrx_word' id='word_1_245' title='bbox 776 3258 862 3314; x_wconf 87' lang='lat' dir='ltr'><strong>habes</strong></span> <span class='ocrx_word' id='word_1_246' title='bbox 885 3257 926 3313; x_wconf 94' lang='lat' dir='ltr'><strong>III</strong></span> <span class='ocrx_word' id='word_1_247' title='bbox 949 3264 974 3324; x_wconf 84' lang='lat'><strong>3,</strong></span> <span class='ocrx_word' id='word_1_248' title='bbox 1002 3262 1035 3310; x_wconf 82' lang='grc'><strong>79</strong></span> <span class='ocrx_word' id='word_1_249' title='bbox 1066 3254 1146 3320; x_wconf 80' lang='lat' dir='ltr'><strong>‘Quis</strong></span> 
     </span>
     <span class='ocr_line' id='line_1_33' title="bbox 75 3326 1145 3404; baseline -0.011 -14"><span class='ocrx_word' id='word_1_250' title='bbox 75 3349 189 3404; x_wconf 90' lang='lat' dir='ltr'><strong>superos</strong></span> <span class='ocrx_word' id='word_1_251' title='bbox 207 3331 335 3386; x_wconf 90' lang='lat' dir='ltr'><strong>metuens</strong></span> <span class='ocrx_word' id='word_1_252' title='bbox 354 3329 459 3399; x_wconf 91' lang='lat' dir='ltr'><strong>pariter</strong></span> <span class='ocrx_word' id='word_1_253' title='bbox 477 3331 522 3384; x_wconf 90' lang='lat' dir='ltr'><strong>tot</strong></span> <span class='ocrx_word' id='word_1_254' title='bbox 539 3329 660 3399; x_wconf 84' lang='lat' dir='ltr'><strong>templa,</strong></span> <span class='ocrx_word' id='word_1_255' title='bbox 683 3331 727 3385; x_wconf 93' lang='lat' dir='ltr'><strong>tot</strong></span> <span class='ocrx_word' id='word_1_256' title='bbox 745 3347 808 3385; x_wconf 87' lang='lat' dir='ltr'><strong>aras</strong></span> <span class='ocrx_word' id='word_1_257' title='bbox 830 3327 1016 3399; x_wconf 87' lang='lat' dir='ltr'><strong>promeruisse</strong></span> <span class='ocrx_word' id='word_1_258' title='bbox 1034 3326 1145 3390; x_wconf 87' lang='lat' dir='ltr'><strong>datur&#39;;</strong></span> 
     </span>
     <span class='ocr_line' id='line_1_34' title="bbox 74 3397 1145 3473; baseline -0.012 -12"><span class='ocrx_word' id='word_1_259' title='bbox 74 3406 102 3461; x_wconf 93' lang='lat' dir='ltr'><strong>in</strong></span> <span class='ocrx_word' id='word_1_260' title='bbox 125 3402 228 3473; x_wconf 86' lang='lat' dir='ltr'><strong>quibus</strong></span> <span class='ocrx_word' id='word_1_261' title='bbox 250 3418 339 3470; x_wconf 87' lang='lat' dir='ltr'><strong>praua</strong></span> <span class='ocrx_word' id='word_1_262' title='bbox 362 3403 407 3456; x_wconf 86' lang='lat' dir='ltr'><strong>est</strong></span> <span class='ocrx_word' id='word_1_263' title='bbox 431 3417 486 3455; x_wconf 85' lang='lat' dir='ltr'><strong>uox</strong></span> <span class='ocrx_word' id='word_1_264' title='bbox 512 3400 664 3456; x_wconf 86' lang='lat' dir='ltr'><strong>‘metuens&#39;</strong></span> <span class='ocrx_word' id='word_1_265' title='bbox 692 3401 927 3466; x_wconf 82' lang='lat' dir='ltr'><strong>desideraturque,</strong></span> <span class='ocrx_word' id='word_1_266' title='bbox 953 3399 985 3450; x_wconf 91' lang='lat' dir='ltr'><strong>ut</strong></span> <span class='ocrx_word' id='word_1_267' title='bbox 1003 3397 1145 3465; x_wconf 84' lang='lat' dir='ltr'><strong>perspexit</strong></span> 
     </span>
     <span class='ocr_line' id='line_1_35' title="bbox 74 3464 1243 3542; baseline -0.011 -13"><span class='ocrx_word' id='word_1_268' title='bbox 74 3473 269 3542; x_wconf 84' lang='lat' dir='ltr'><strong>Marklandus,</strong></span> <span class='ocrx_word' id='word_1_269' title='bbox 292 3471 370 3526; x_wconf 90' lang='lat' dir='ltr'><strong>notio</strong></span> <span class='ocrx_word' id='word_1_270' title='bbox 395 3471 486 3541; x_wconf 85' lang='lat' dir='ltr'><strong>qualis</strong></span> <span class='ocrx_word' id='word_1_271' title='bbox 509 3475 553 3526; x_wconf 88' lang='lat' dir='ltr'><strong>est</strong></span> <span class='ocrx_word' id='word_1_272' title='bbox 578 3470 733 3539; x_wconf 82' lang='lat' dir='ltr'><strong>‘minister,</strong></span> <span class='ocrx_word' id='word_1_273' title='bbox 758 3467 910 3524; x_wconf 88' lang='lat' dir='ltr'><strong>sacerdos&#39;.</strong></span> <span class='ocrx_word' id='word_1_274' title='bbox 948 3464 1060 3534; x_wconf 86' lang='lat' dir='ltr'><strong>scripsit</strong></span> <span class='ocrx_word' id='word_1_275' title='bbox 1082 3465 1143 3518; x_wconf 91' lang='lat' dir='ltr'><strong>sine</strong></span> <span class='ocrx_word' id='word_1_276' title='bbox 1242 3468 1243 3539; x_wconf 60' lang='lat' dir='ltr'>J</span> 
     </span>
     <span class='ocr_line' id='line_1_36' title="bbox 75 3533 1140 3616; baseline -0.016 -12"><span class='ocrx_word' id='word_1_277' title='bbox 75 3546 159 3604; x_wconf 90' lang='lat' dir='ltr'><strong>dubio</strong></span> <span class='ocrx_word' id='word_1_278' title='bbox 187 3546 272 3616; x_wconf 87' lang='lat' dir='ltr'><strong>poeta</strong></span> <span class='ocrx_word' id='word_1_279' title='bbox 301 3542 375 3614; x_wconf 84' lang='lat' dir='ltr'><strong>‘quis</strong></span> <span class='ocrx_word' id='word_1_280' title='bbox 403 3542 509 3614; x_wconf 86' lang='lat' dir='ltr'><strong>superis</strong></span> <span class='ocrx_word' id='word_1_281' title='bbox 533 3542 645 3612; x_wconf 86' lang='lat' dir='ltr'><strong>parens&#39;</strong></span> <span class='ocrx_word' id='word_1_282' title='bbox 674 3542 750 3610; x_wconf 87' lang='lat' dir='ltr'><strong>(nam</strong></span> <span class='ocrx_word' id='word_1_283' title='bbox 779 3537 900 3609; x_wconf 79' lang='lat' dir='ltr'><strong>‘parere&#39;</strong></span> <span class='ocrx_word' id='word_1_284' title='bbox 930 3537 974 3590; x_wconf 85' lang='lat' dir='ltr'><strong>est</strong></span> <span class='ocrx_word' id='word_1_285' title='bbox 997 3533 1140 3597; x_wconf 74' lang='lat' dir='ltr'><strong>‘seruire&#39;3</strong></span> 
     </span>
    </p>
   </div>
   <div class='ocr_carea' id='block_1_7' title="bbox 0 0 1269 3925">
    <p class='ocr_par' dir='ltr' id='par_1_7' title="bbox 0 0 1269 3925">
     <span class='ocr_line' id='line_1_37' title="bbox 0 0 1269 3925; baseline 0 0"><span class='ocrx_word' id='word_1_286' title='bbox 0 0 1269 3925; x_wconf 95' lang='lat' dir='ltr'><strong> </strong></span> 
     </span>
    </p>
   </div>
  </div>
 </body>
</html>
