2517 3925
100 171 142 236 88
413 187 418 194 ·
471 172 502 228 P.
520 172 660 228 mermi
680 151 800 228 srnrn

100 319 197 403 Apta,
220 317 306 403 quod
327 318 363 381 in
386 315 504 402 digitis,
528 317 611 382 collo
636 316 722 402 quod
745 316 875 404 dignius
899 324 1022 384 aurum'.

100 405 206 472 Norat
228 407 378 472 caelestis
402 406 512 471 oculos
537 405 625 470 ducis
648 406 784 491 ipsaque
805 406 918 472 taedas

99 496 253 561 Iunxerat
274 499 308 560 et
328 495 428 580 plena
450 493 581 559 dederat
603 493 743 560 conubio
765 494 888 561 dextra.

101 583 155 649 Sic
178 587 274 649 ornat
296 583 411 667 crines,
433 583 550 667 Tyrios
574 583 620 648 sio
643 582 751 648 fundit
772 583 918 670 amictus,

100 672 167 738 Dat
188 672 297 737 radios
320 673 492 757 ignemque
516 694 619 740 suum.
666 692 789 737 cessere
812 673 936 757 priores

100 761 244 826 Deliciae
267 760 488 846 famulumque
512 781 641 846 greges3
662 760 716 825 hic
737 761 856 845 pocula
878 781 998 846 magno

99 850 210 915 Prima
232 850 306 914 duci
329 871 518 935 murrasque
541 869 659 934 graues
685 850 902 934 crystallaque
925 853 1037 935 portat

101 938 293 1004 Candidiore
315 961 426 1004 manu:
451 939 567 1004 crescit
588 958 675 1002 noua
693 939 800 1022 gratia
814 936 953 1006 Baccho.

100 1026 181 1093 Care
203 1050 294 1112 puer,
316 1027 442 1112 superis
465 1027 520 1111 qui
542 1026 723 1112 praelibare
744 1026 920 1092 uerendum

100 1115 222 1182 Nectar
244 1120 278 1180 et
299 1115 467 1201 ingentem
488 1115 609 1181 totiens
633 1115 821 1200 contingere
846 1115 990 1180 dextram

100 1205 244 1288 Electus,
267 1225 364 1288 quam
386 1224 483 1269 nosse
507 1202 618 1287 Getae,
642 1225 740 1289 quam
763 1207 898 1289 tangere
921 1203 1039 1270 Persae

99 1292 309 1377 Armeniique
331 1291 468 1376 Indique
490 1292 621 1376 petunt!
646 1313 665 1358 o
689 1291 791 1358 sidere
815 1292 927 1358 dextro

99 1380 205 1465 Editq
227 1380 332 1445 multa
353 1379 415 1444 tibi
437 1378 549 1445 diuum
571 1380 776 1466 indulgentia
797 1380 895 1452 fauit!

101 1469 188 1535 Olim
212 1469 320 1552 etiam,
341 1489 383 1533 ne
405 1468 512 1552 prima
534 1489 635 1554 genas
657 1470 780 1554 lanugo
802 1471 943 1536 nitentes

101 1557 255 1644 Carperet
278 1561 311 1622 et
331 1556 487 1641 pulchrae
509 1557 652 1625 fuscaret
673 1559 782 1643 gratia
803 1558 937 1642 formae,

47 1655 52 1660 “
100 1646 174 1731 Ipse
197 1647 274 1711 deus
297 1647 422 1731 patriae
446 1646 566 1712 celsam
583 1650 674 1712 trans
698 1668 839 1731 aequora
858 1648 955 1733 liquit

100 1736 293 1821 Pergamon.
337 1734 419 1800 haut
440 1734 501 1799 ulli
522 1756 659 1820 puerum
681 1735 808 1800 mollire
830 1740 975 1820 potestus

101 1821 243 1910 Credita,
266 1823 323 1888 sed
344 1824 445 1890 tacita
468 1823 594 1889 iuuenis
616 1823 799 1889 Phoebeius
822 1829 891 1889 arte

100 1912 230 1979 Leniter
252 1913 333 1979 haut
354 1913 421 1978 ullo
446 1934 639 1980 concussum
662 1912 795 1977 uulnere
818 1935 934 1998 corpus

99 2002 149 2067 De
172 2024 250 2068 sexu
272 2003 411 2067 transire
433 2002 532 2068 iubet
576 2005 689 2066 tamen
711 2002 808 2067 anxia
831 2002 917 2067 curis

99 2090 265 2156 Mordetur
286 2091 442 2174 puerique
464 2092 559 2155 timet
582 2087 745 2175 Cytherea
768 2091 905 2157 dolores.

100 2178 254 2243 Nondum
275 2178 412 2261 pulchra
434 2177 524 2243 ducis
547 2178 719 2243 elementia
742 2183 893 2264 coeperat
916 2184 990 2245 ortu

99 2268 247 2332 Intactos
270 2287 400 2331 seruare
422 2288 544 2350 mares3
565 2289 653 2332 nunc
675 2268 827 2353 frangere
850 2290 963 2334 sexum

100 2355 208 2441 Atque
230 2354 398 2420 hominem
421 2359 545 2421 mutare
567 2355 674 2440 nefas3
698 2357 874 2442 gauisaque
896 2361 983 2423 totos

100 2443 188 2520 Quos
211 2445 324 2528 genuit
345 2447 463 2509 natura
484 2444 581 2528 uidet,
603 2466 664 2509 nec
686 2445 758 2529 lege
781 2445 915 2511 sinistra

99 2532 196 2597 Ferre
218 2532 337 2596 timent
358 2532 500 2598 famulae
522 2536 676 2597 natorum
698 2534 842 2617 pondera
864 2538 993 2600 matres.

101 2622 151 2685 Tu
174 2642 309 2706 quoque,
331 2642 417 2686 nunc
440 2622 575 2705 iuuenis,
599 2622 728 2706 genitus
752 2622 780 2686 si
802 2622 926 2689 tardius
951 2643 1047 2708 esses,

99 2708 341 2793 Umbratusque
364 2730 465 2795 genas
489 2714 522 2774 et
544 2710 672 2775 adultos
694 2709 811 2775 fortior
833 2715 932 2795 artus,

98 2796 176 2863 Non
198 2819 298 2863 unum
321 2798 467 2884 gaudens
489 2797 642 2863 Phoebea
665 2798 706 2864 ad
727 2799 842 2864 limina
864 2821 980 2864 munus

101 3030 314 3038 -—--—-—-—-

171 3227 388 3290 romanasque
408 3225 437 3273 c:
456 3235 620 3289 myrrasque
639 3238 656 3273 a
676 3222 680 3287 1
701 3236 801 3290 graues
820 3227 837 3273 0
856 3240 884 3275 a:
903 3238 973 3292 puer
992 3228 1010 3277 ς
1028 3224 1038 3292 ΙΙ
1058 3228 1092 3279 59
1111 3240 1172 3279 mo·

100 3294 147 3348 lim
166 3290 336 3358 Candidiora
352 3292 363 3361 l
381 3295 415 3347 66
435 3290 586 3361 Spargeret
605 3291 711 3346 Marici.
730 3293 740 3360 ll
758 3298 792 3347 08
810 3292 864 3347 ulli
881 3297 918 3347 A:
936 3293 981 3348 illi
999 3296 1090 3364 culo
1108 3311 1172 3350 cor·

99 3382 151 3432 pus
169 3362 212 3415 Δ*
231 3369 261 3416 0:
280 3365 394 3433 torpens
413 3366 431 3415 ς
449 3362 460 3430 l
479 3367 514 3416 '14
536 3378 633 3416 sexum
651 3365 674 3414 A
693 3366 723 3416 0:
743 3378 810 3418 saxo
829 3367 846 3417 ς
865 3366 874 3433 i
893 3369 926 3418 ⁷5
945 3366 1021 3420 totos
1038 3364 1096 3431 (uel
1114 3367 1172 3421 ael-

101 3436 162 3501 uos)
181 3434 281 3501 scripsi
299 3434 316 3488 l.
336 3434 353 3488 i.
369 3449 400 3502 p.
419 3436 492 3489 256:
511 3433 584 3487 solos
603 3438 621 3483 0
641 3451 658 3484 a
