2517 3925
121 160 185 223 144
481 158 512 213 P.
530 158 671 213 PAPINII
689 157 811 212 STATII

117 302 192 388 Ipse
214 303 347 369 madens
372 302 481 382 oeulis,
504 303 694 369 umbrorum
716 302 906 385 animaeque
929 302 1090 387 sacerdos,

118 392 342 475 Praeciperem
364 391 514 477 reditum,
538 392 590 457 oui
612 396 646 457 te
668 413 729 457 neo
751 389 909 456 Cerberus
932 392 1024 456 omni

120 480 183 546 Ore
206 502 266 545 neo
289 479 440 565 Orpheae
462 482 594 564 quirent
616 484 763 545 auertere
786 481 883 565 leges.

118 568 227 653 Atque
250 567 297 633 ibi
319 588 367 634 me
389 590 559 655 moresque
582 573 656 634 tuos
678 572 712 633 et
733 568 822 633 faeta
844 572 1014 633 canentem

117 656 199 723 Fors
222 661 256 722 et
277 657 486 743 mogniJoquo
509 680 577 724 non
599 657 844 741 posthabuisset
864 655 1019 741 Homero,

118 745 280 811 Tenderet
302 750 335 810 et
357 747 452 812 docto
475 747 580 831 pietas
605 766 742 829 aequare
764 744 901 811 Maroni

119 832 185 899 Cur
207 835 312 920 magis
336 835 478 901 incessat
501 855 636 919 superos
659 838 693 899 et
714 835 821 899 ahena
843 856 991 899 sororum

118 922 277 1009 Stamina,
300 945 382 1008 quae
404 924 514 1007 tepido
538 923 686 1009 genetrix
709 944 807 1025 super
829 942 949 1007 aggere
970 924 1042 987 nati

119 1012 207 1078 Orba
230 1012 320 1081 sedet
305 1013 395 1077 tuel
418 1034 501 1097 quae
518 1012 679 1095 primaeui
696 1012 844 1096 coniugis
860 1011 972 1095 ignem

119 1099 248 1184 Aspicit
270 1102 501 1185 obstantesque
524 1122 641 1165 manus
664 1100 857 1184 turbamque
878 1102 1044 1163 tenentem

118 1186 261 1253 Uineit'
252 1212 288 1252 ιιι
311 1189 491 1272 ardentem,
515 1188 612 1253 liceat
597 1188 745 1272 tmodo,
766 1189 854 1252 itura
877 1188 1053 1252 maritum?
1113 1220 1118 1225 ·
1231 1259 1233 1274 Ι

118 1275 226 1341 Μιιοι
249 1281 284 1341 ιι
305 1275 357 1340 his
380 1276 492 1341 forsan
515 1298 650 1361 superos
673 1282 707 1343 et
728 1277 867 1343 Tartara
887 1277 1014 1359 pulsem
1231 1279 1232 1288 ’

118 1363 260 1429 Inuidia:
284 1364 425 1429 externis
448 1366 546 1429 etiam
569 1366 753 1431 miserabile
776 1367 848 1431 uisu

117 1450 228 1518 Funus
251 1457 331 1517 erat.
377 1452 433 1518 sed
455 1475 515 1518 neo
536 1454 617 1519 mihi
641 1476 675 1519 se
697 1453 826 1519 Natura
848 1452 972 1517 dolenti

117 1538 187 1606 Noe
200 1541 310 1606 Pietas
332 1542 369 1607 in
391 1542 477 1607 iusta
500 1542 601 1626 dedit;
625 1541 707 1607 mihi
730 1542 844 1607 limine
865 1542 971 1625 primo

118 1627 274 1695 Fatorum
297 1633 330 1694 et
352 1630 460 1715 uiridi,
482 1632 620 1716 genitor,
644 1652 702 1695 eeu
725 1633 837 1713 raptus
861 1630 903 1694 ab
926 1650 1006 1694 aeuo

118 1718 257 1783 Tartara
280 1718 360 1783 dura
383 1720 482 1785 subis.
525 1740 585 1784 neo
608 1719 697 1783 enim
718 1718 928 1783 Marathonia
950 1717 1046 1803 uirgo

117 1804 251 1872 Parcius
275 1808 453 1872 extinctum
476 1830 650 1873 saeuorum
674 1808 807 1872 erimine
826 1810 990 1892 agrestum
1237 1837 1239 1904 ι

116 1892 260 1960 Fleuerit
280 1894 429 1981 Icarium,
452 1895 597 1982 Phrygia
620 1918 718 1981 quam
739 1899 829 1960 turre
851 1894 1021 1960 cadentem
1238 1935 1240 2007 p

117 1983 322 2071 Astyanacta
343 2006 469 2068 parens.
514 1987 629 2070 laqueo
653 1986 732 2069 quin
754 1985 811 2049 iila
834 2006 984 2068 supremo

117 2073 255 2139 Inelusit
278 2073 433 2158 gemitus:
457 2078 492 2140 at
514 2078 547 2138 te
569 2077 647 2159 post
669 2076 785 2139 funera
807 2072 919 2158 magni

118 2161 268 2227 Hectoris
290 2160 474 2227 Haemonio
497 2162 602 2246 pudor
623 2166 675 2227 est
697 2162 834 2228 seruisse
856 2161 985 2226 manto

119 2247 195 2313 Non
218 2270 288 2335 ego,
311 2272 392 2334 quas
414 2250 475 2315 fati
448 2253 604 2316 toertus
628 2250 692 2316 sibi
713 2272 793 2316 uoee
816 2271 937 2315 canora
1153 2265 1190 2315 80

118 2335 255 2402 Inferias
278 2339 460 2420 praemittit
481 2339 553 2404 olor
574 2361 635 2404 neo
656 2361 736 2424 rupe
760 2338 846 2423 quod
868 2341 941 2403 atra

118 2423 307 2508 Tyrrhenae
331 2425 478 2492 uolucres
501 2428 609 2492 nautis
633 2428 804 2511 praedulce
827 2427 1000 2508 minantm,

117 2512 238 2579 Int
181 2517 238 2598 pat
239 2515 306 2580 rios
330 2513 490 2581 adhibebo
513 2536 624 2601 rogos3
647 2538 714 2581 non
737 2537 899 2581 murmure
922 2519 1038 2580 trunco

188 2851 222 2900 58
246 2849 340 2903 oeulos
365 2848 470 2903 Μαιιι.
493 2850 503 2917 ss
525 2853 559 2902 59
579 2846 714 2917 Praecipe
713 2864 773 2903 rem
790 2847 912 2903 reditum
930 2847 1015 2903 idem.-
1037 2846 1187 2903 Praecine-

115 2932 176 2971 rem
198 2917 335 2999 gemitum
358 2924 376 2970 (ι
401 2936 418 2971 ι
435 2920 445 2987 ΙΙ
463 2925 496 2973 61
515 2919 609 2988 Atque
627 2863 714 2972 ibipe
686 2935 733 2973 me
750 2918 898 2986 Boionius,
921 2933 969 2987 epo
990 2919 1009 2973 ι
1026 2919 1045 2972 ι.
1062 2935 1092 2986 p.
1109 2923 1188 2974 262:

115 2988 210 3058 Atque
232 2985 287 3042 tibi
309 2992 327 3039 υ
351 3006 368 3041 ι
394 2989 405 3060 d
431 2995 465 3044 63
489 2989 572 3044 dooto
597 2990 717 3044 Μιιιι..
738 2990 820 3043 toruo
844 2994 910 3055 ιι·
932 2990 998 3055 fort.
1020 2991 1095 3044 terso
1111 2991 1128 3070 ‚t
1151 2996 1188 3045 64

116 3059 228 3114 hahens
245 3062 280 3113 Δ
304 3064 322 3110 (ι
340 3075 407 3114 omn
425 3076 497 3114 aena
515 3077 554 3115 ou
572 3077 640 3115 seua
653 3061 781 3114 ιιιιιιιι
793 3061 950 3129 insertion!
964 3065 999 3115 68
1012 3059 1095 3115 modo
1108 3059 1189 3115 itura

116 3128 287 3184 Saeturnus:
307 3130 504 3185 moriturae·
521 3131 629 3186 ruituro
638 3131 773 3186 Haemos
785 3133 796 3199 ι
809 3136 843 3184 69
862 3132 894 3184 at
911 3130 955 3184 his
971 3130 1068 3185 forsan
1084 3132 1188 3200 seipsi

116 3200 134 3254 ι.
154 3201 186 3254 ι..·
206 3199 272 3255 aliis
289 3199 382 3256 forsan
400 3206 459 3255 Ac
483 3205 558 3256 certe
581 3201 646 3256 aliis
664 3202 746 3256 Dom.
760 3203 770 3271 ι
784 3207 817 3257 ιι
837 3203 940 3256 erate:
960 3202 1008 3256 eat
1025 3207 1042 3253 ο
1061 3218 1079 3253 ι
1093 3201 1099 3271 Ι
1114 3202 1188 3257 mihi

117 3270 293 3326 Ροιιιιιιιιιι
315 3273 398 3328 modo
417 3278 435 3324 (ι
454 3275 541 3342 stlta
560 3271 666 3327 iniusta
683 3277 701 3323 (ι
720 3291 746 3340 a,
765 3288 836 3327 eorr.
855 3272 1107 3342 Βοιιοιιιιιιιι
1127 3273 1187 3327 An·

116 3355 216 3394 norum
235 3341 341 3396 Morti.
355 3343 369 3411 ‘d
387 3348 421 3397 76
445 3342 514 3397 dure
536 3359 583 3396 seu
606 3343 669 3396 dira
686 3342 822 3397 Heinsius
837 3343 842 3410 Ι
858 3348 892 3396 ιι
911 3357 1041 3410 supremo
1057 3347 1119 3396 (ιιι
1138 3361 1186 3396 su-

116 3423 227 3476 premos
245 3411 304 3465 edd.
319 3413 376 3480 [178
395 3418 426 3466 ιι
443 3415 466 3464 Δ
485 3418 515 3467 c:
535 3414 564 3467 et
583 3413 674 3482 ςΙΙθο
691 3429 760 3467 uoee
779 3413 853 3466 edd„-
870 3413 960 3467 morte
979 3417 998 3463 (ι
1015 3428 1034 3467 ι
