2517 3925
400 193 572 250 EDITORIS
590 196 810 254 PRAEFATIO.
1110 216 1154 255 vn

72 342 150 407 lime
177 342 345 406 interdum
378 364 399 405 a
425 340 584 412 Politiani
617 362 718 406 manu
747 342 984 408 discernendas.
1030 365 1069 408 ex
1097 344 1149 411 his

72 431 180 495 causis
204 430 340 513 plenam
364 430 548 496 collationis
570 429 659 495 illius
680 431 834 496 notitiam
855 432 1057 515 reciperandi
1075 455 1150 517 spes

72 519 248 585 abicienda
271 522 359 603 erat,
383 519 438 584 aad
466 517 664 584 attendenda
693 520 832 584 maxime
853 519 1010 587 Politiani
1032 544 1150 587 manus

71 612 117 692 ut,
139 608 223 693 quid
243 610 331 673 certo
349 611 462 693 posset
480 608 511 673 ei
528 607 679 692 adtribui,
702 613 876 675 constaret
911 609 1152 693 descripserunt

70 700 182 761 autem
215 697 285 762 eius
314 699 410 761 notas
441 716 514 761 cum
544 700 644 761 antea
672 697 743 781 alii,
776 701 849 762 turn
876 699 912 763 in
940 697 985 763 M.
1013 697 1150 783 Hauptii

71 786 220 870 gratiam
238 784 278 850 A.
296 783 513 870 Kiesslingius
532 789 565 849 et
582 784 622 851 U.
636 784 828 853 Koehlerus.
858 808 996 871 quorum
1013 786 1149 853 schedas

72 875 113 938 ab
136 873 290 957 Hauptio
314 876 464 958 acceptas
487 872 528 938 H.
551 872 706 958 Nohlins,
730 875 786 959 qui
808 874 847 938 de
870 875 917 939 eis
940 874 1092 941 disseruit
1114 878 1149 943 in

71 962 305 1028 dissertatione
326 962 512 1046 inaugurali
540 962 762 1049 ‘quaestiones
785 961 970 1028 Statianae'
992 965 1149 1050 inscripta

69 1056 102 1115 et
124 1050 278 1116 Berolini
301 1070 328 1115 a
354 1050 439 1116 1871
464 1052 593 1134 emissa,
620 1052 700 1117 olim
726 1052 807 1116 mihi
834 1051 1068 1136 commodauit3
1095 1054 1149 1118 de-

69 1141 214 1223 scriptas
239 1162 266 1203 a.
292 1139 378 1205 1872
400 1137 525 1205 Romae
542 1162 677 1206 uersans
699 1141 817 1205 iterum
838 1142 892 1206 hic
920 1140 990 1206 illic
1017 1142 1150 1208 contuli

67 1228 254 1311 optandum
276 1232 388 1292 tamen
410 1231 448 1292 ut
469 1228 582 1295 doctus
606 1230 723 1313 aliquis
741 1228 1025 1295 Studemundianis
1046 1232 1147 1295 oculis

65 1316 239 1399 praeditis
267 1314 425 1381 Politiani
458 1321 554 1382 notas
584 1317 690 1383 denuo
719 1319 890 1385 examinet
942 1320 1030 1384 ultro
1060 1320 1146 1384 enim

67 1406 154 1469 mihi
185 1404 327 1488 suspicio
357 1404 477 1470 oborta
509 1410 573 1490 est,
604 1408 667 1472 etsi
698 1427 787 1489 raro,
813 1410 925 1472 tamen
953 1407 1146 1491 aliquotiens

65 1514 159 1559 nano
185 1493 316 1577 quidem
334 1512 393 1576 pro
416 1492 638 1579 sangallensis
655 1495 849 1560 lectionibus
867 1495 1056 1580 accipienda
1074 1518 1145 1561 esse

65 1603 151 1667 quae
177 1582 312 1647 alterius
335 1582 422 1646 illius
445 1583 508 1647 uiri
531 1583 619 1648 docti
641 1587 726 1647 sunt.

158 1668 247 1735 Eam
284 1674 391 1736 autem
427 1669 609 1737 Politianns
641 1673 678 1736 in
718 1672 909 1738 excutiendo
942 1672 1147 1759 sangallensi

65 1758 222 1823 adhibuit
257 1758 462 1843 diligentiam
497 1764 535 1824 ut
570 1764 721 1825 scemate
761 1782 821 1845 pro
852 1761 917 1824 illis
947 1763 1147 1846 temporibus

66 1851 223 1912 enotaret
245 1848 423 1931 scripturae
446 1848 706 1933 discrepantiam.
748 1854 782 1913 et
796 1848 993 1933 plerumque
1016 1850 1147 1933 quidem

64 1937 180 2002 uarias
204 1936 358 2002 lectiones
386 1937 439 2002 uel
466 1938 552 2003 inter
574 1938 678 2003 lineas
699 1938 753 2003 uel
775 1938 810 2002 in
829 1937 975 2023 margine
994 1937 1145 2004 editionis

66 2026 163 2090 nulla
192 2025 304 2091 addita
335 2025 418 2111 sigla
447 2025 632 2110 adscripsit,
662 2027 759 2111 idque
773 2025 833 2091 ‘1bi
859 2027 1066 2110 potissimum
1089 2028 1145 2093 ubi

67 2115 141 2180 sela
162 2115 248 2178 uitia
268 2114 505 2199 typographica
526 2116 738 2200 uel-leuioris
760 2115 917 2181 momenti
939 2116 1145 2182 diuersitates

65 2203 216 2268 aderant
271 2223 508 2290 quamcumque
547 2207 659 2269 autem
693 2205 866 2271 lectionem
909 2205 952 2270 ob
998 2206 1142 2290 aliquam

68 2313 206 2357 causam
227 2291 472 2357 memorabilem
497 2293 639 2377 putarit,
666 2294 698 2359 ei
724 2297 837 2358 notam
865 2292 988 2358 addidit
1014 2293 1084 2358 siue
1111 2315 1145 2359 oo

66 2400 132 2462 pop
163 2380 234 2444 siue
266 2391 281 2443 a
308 2377 344 2444 li⁰
377 2401 440 2464 pop
466 2381 536 2446 siue
558 2384 659 2464 carrliq⁰
686 2383 742 2448 cod
770 2383 839 2447 siue
868 2382 967 2447 aliam
998 2382 1145 2447 similem.

67 2469 182 2552 itaque
213 2471 252 2532 ut
287 2468 424 2534 dilucide
458 2474 614 2554 appareat
647 2470 725 2555 quid
757 2471 872 2554 tacite,
909 2471 986 2557 quid
1016 2471 1144 2536 disertis

67 2557 181 2621 uerbis
206 2555 444 2642 eSangallensi
466 2562 636 2623 enotatum
658 2558 710 2642 sit,
732 2556 762 2624 A
785 2560 850 2643 illa,
872 2560 952 2625 haec
970 2556 1021 2624 A*
1045 2560 1145 2645 signi-

68 2645 176 2710 ficaui.
231 2649 399 2728 praeterea
427 2644 608 2712 Politianus
639 2647 790 2712 editionis
819 2668 946 2733 quoque
975 2647 1144 2713 Romanae

69 2755 96 2797 a
118 2733 210 2798 1475
235 2756 254 2799 a
272 2733 418 2800 Domitio
438 2732 609 2801 Oalderino
633 2741 763 2801 curatae
785 2736 873 2800 haud
894 2757 970 2802 raro
993 2737 1145 2821 excripsit

67 2823 267 2887 uarietatem
289 2823 476 2907 praeposita
497 2828 577 2890 nota
594 2825 663 2902 Do;
686 2847 762 2890 suas
780 2825 878 2889 etiam
901 2825 1144 2891 emendationes

69 2911 237 2975 interdum
268 2911 439 2976 admiscuit
468 2911 619 2996 adposita
654 2914 737 2998 sigla
768 2924 802 2978 ι’.
848 2913 904 2978 sed
935 2915 1143 2998 quantumuis

68 2999 248 3084 diligenter
281 2999 316 3064 in
349 3001 537 3065 uniuersum
570 3002 605 3066 in
636 3001 842 3087 Sangallensi
877 3003 1071 3068 conferendo
1102 3003 1145 3067 sit

67 3091 223 3152 uersatus
247 3085 308 3173 (ita
325 3091 363 3152 ut
380 3109 438 3153 nec
457 3090 611 3154 minutias
630 3090 899 3176 orthographicas
917 3091 1015 3175 plana
1034 3113 1144 3177 asper-

68 3173 230 3262 naretur),
253 3176 391 3240 multum
413 3181 524 3242 tamen
548 3178 641 3243 abest
659 3183 696 3243 ut
718 3201 757 3244 ea
780 3201 877 3264 quam
899 3201 986 3256 nuno
1009 3180 1142 3263 requiri-

68 3286 143 3328 mus
174 3265 380 3329 accuratione
410 3265 444 3330 id
473 3265 599 3332 feeerit:
635 3267 814 3352 aequabilis
843 3266 900 3332 illa
930 3267 1142 3352 omnibusque

68 3353 201 3416 intenta
219 3369 297 3418 cura
314 3353 520 3419 desideratur.
542 3376 621 3420 nam
639 3357 677 3420 ut
694 3356 850 3420 nonnulla
868 3355 909 3418 ab
928 3376 966 3419 eo
981 3354 1143 3438 adscripta

69 3441 135 3504 iem
164 3440 233 3525 legi
262 3446 438 3525 nequeant:
466 3443 587 3508 multae
617 3442 768 3508 editionis
795 3441 950 3524 principis
977 3440 1143 3522 lectiones,

1246 3606 1248 3667 l
