2517 3925
402 196 575 253 EDITORIS
593 196 811 255 PRAEFATIO.
1056 199 1108 255 XV

22 362 25 371 ·
85 344 197 409 silium
224 343 353 409 iniisset
387 342 529 410 Statium
558 341 654 407 novis
687 343 772 409 auris
805 364 972 409 recensere
1001 365 1107 410 emen·

87 432 164 497 dare
196 431 362 497 illustrare
400 430 455 517 (ef.
486 431 556 496 eius
591 429 777 497 Observatt.
807 433 907 499 eritie.
941 432 977 497 in
1010 430 1105 498 Statii

86 520 205 586 Achill.
242 520 389 607 Gotting.
427 520 514 587 1814
544 542 576 605 p.
605 518 656 606 4),
687 525 802 604 postea
834 521 997 606 gymnasii
1028 521 1107 586 Bre

86 609 209 675 mensis
247 609 387 676 director
424 610 530 675 faetus
562 610 732 694 proposito
770 608 933 675 destitisse
969 610 1106 676 videtur.

85 697 320 782 Amplissimas
346 697 410 763 viri
437 697 618 763 doctissimi
645 696 780 763 schedas
813 696 995 783 Sestianas,
1023 720 1106 784 quae

86 787 183 852 hodie
198 786 233 850 in
249 787 328 853 bibl.
348 785 570 852 universitatis
585 785 872 871 Argentorateusis
887 791 1104 872 asservantur,

86 875 300 960 explorandas
322 874 548 943 liberalissime
570 874 652 939 mihi
675 874 836 940 eoneessit
856 874 1045 941 Baradeius.

176 963 294 1029 Restat
306 965 343 1028 ut
361 964 408 1029 eis
422 963 503 1028 viris
526 964 582 1049 qui
603 964 639 1028 in
651 963 714 1028 hoe
737 963 892 1049 opusculo
907 961 1103 1114 perfieAiendo

50 1050 58 1064 ’
87 1074 139 1117 me
167 1052 364 1119 adiuverunt
390 1052 514 1137 gratias
542 1072 640 1137 agam
662 1074 760 1137 quam
782 1052 950 1117 maximas
996 1050 1105 1135 Atque

89 1141 236 1208 omnium
250 1140 390 1207 maxime
405 1140 495 1208 Aeta.
507 1139 721 1207 Baelerensius
734 1140 968 1226 Groningensis
983 1140 1104 1225 optime

89 1230 127 1295 de
150 1230 213 1295 hae
231 1251 304 1295 mea
317 1229 459 1295 editione
478 1229 611 1295 meritus
627 1233 691 1313 est,
714 1230 832 1315 quippe
845 1230 901 1314 qui
914 1250 983 1296 non
997 1229 1104 1295 solum

86 1320 121 1383 in
143 1318 286 1404 plagulis
309 1304 507 1404 eoriigendis
530 1280 744 1384 libentissime
766 1318 848 1384 mihi
871 1318 1023 1398 adfuerit,
1048 1316 1106 1383 sed

87 1407 187 1473 etiam
210 1407 408 1473 coniecturas
424 1428 493 1473 non
509 1428 631 1491 paucas
649 1408 852 1473 acutissimas
870 1429 997 1473 meeum
1018 1428 1103 1472 eom·

88 1495 309 1562 munieaverit.
338 1495 421 1560 Tum
445 1495 608 1561 eodieibus
632 1495 856 1561 liberalissime
879 1495 1102 1560 transmitten-

88 1585 137 1650 dis
160 1604 213 1649 me
236 1584 298 1649 sibi
321 1583 534 1650 devinxerunt
550 1584 753 1667 Pluyqersius
775 1588 873 1669 atque
891 1584 1043 1649 Ne'eolaua
1060 1583 1104 1648 du

87 1673 170 1739 Rieu
182 1672 366 1759 Leidenses‚
379 1673 617 1739 Heinemannus
628 1666 963 1758 Wolfenbuttelens1s‚
972 1671 1106 1737 Luebbe

88 1783 148 1829 aua
172 1760 456 1847 Oldenburgensis.

14 1930 15 1982 l
134 1902 325 1970 Scribebam
346 1902 491 1970 Emdae
512 1924 624 1970 mense
646 1902 798 1970 Ianuario
823 1924 851 1968 a.
877 1902 973 1968 1879.
