2517 3925
33 180 39 189 '
118 194 159 259 78
484 192 813 248 331311311311311

118 338 238 405 Caesar
261 340 303 404 ab
327 339 460 404 emerito
483 339 595 404 iubeat
616 336 768 402 desedere
791 337 888 422 bello,

118 429 164 493 At
185 450 247 494 nos
270 428 332 493 hoe
354 428 473 492 iterum
496 430 620 492 stantes
643 427 679 490 in
701 427 795 492 litore
819 429 931 490 uastos

29 551 36 560 ·
118 515 297 582 Cernemus
319 516 435 580 fluetus
459 516 604 600 aliasque
626 515 815 600 rogabimus
840 513 957 580 auras?
1139 533 1192 583 133
1256 533 1257 586 1

118 604 145 670 0
168 610 238 670 tum
262 608 403 690 quantus
426 625 487 690 ego
511 608 569 669 aut
590 607 713 688 quauta
736 604 849 668 uotiua
871 603 1009 668 monebu

116 693 246 759 Plectra
266 694 353 778 lyra!
377 715 450 758 3313
471 714 525 757 me
547 710 669 778 magna
690 692 814 756 ceruice
835 693 975 777 ligatum

117 783 257 848 Attolles
280 783 424 847 humeris
447 781 576 866 atque
566 804 602 844 1n
623 802 698 846 mea
719 783 853 864 pectora
874 780 1015 864 primum

117 871 288 936 Incumbes
312 893 329 935 e
350 893 484 954 33333
477 892 588 936 nouus
612 873 804 954 seruataque
827 868 939 933 reddes

118 957 321 1045 Colloquia
311 981 409 1044 mque
431 957 537 1024 313331
559 958 682 1022 medios
705 957 909 1022 narrabimus
930 978 1046 1040 annos,
1140 975 1192 1024 133

117 1048 167 1113 Τ3
190 1049 340 1132 rapidum
361 1046 555 1130 Euphraten
576 1051 609 1110 et
631 1045 723 1130 regia
745 1044 865 1110 Bactra
888 1064 1059 1130 saerasqua

116 1137 280 1221 Antiquae
302 1135 483 1220 Babylonis
508 1156 586 1219 opes
610 1138 643 1198 et
666 1133 817 1220 Zeugma,
840 1133 978 1198 Latinae

116 1224 211 1290 Paeis
234 1225 305 1306 iter,
328 1246 425 1308 quam
448 1223 541 1287 dulae
562 1239 678 1288 nemus
701 1223 846 1287 florentis
869 1222 1014 1307 Idumes3

118 1312 189 1388 Quo
212 1312 356 1397 pretiosa
376 1312 482 1395 'Pyros
503 1311 628 1396 rubeat,
653 1333 716 1395 quo
739 1329 886 1396 purpura
907 1311 983 1376 fuco
1256 1391 1257 1396 γ

118 1399 258 1466 Sidoniis
281 1401 399 1464 iterata
422 1399 518 1483 sadis,
540 1399 598 1464 ubi
621 1399 767 1485 germine
791 1400 900 1484 opimo
1042 1469 1044 1472 ,
1135 1415 1188 1466 143
1256 1473 1257 1493 ¹

117 1488 262 1554 Candida
284 1489 396 1553 felices
419 1488 538 1553 sudent
560 1488 771 1572 opobalsama
793 1488 919 1573 uirgae:

117 1577 181 1642 Ast
203 1598 279 1663 ego,
302 1577 438 1642 deuictis
462 1576 604 1641 dederim
628 1598 710 1660 quae
733 1576 830 1640 busta
852 1575 999 1662 Pelasgis

118 1665 248 1741 Quaene
271 1665 436 1731 laboratas
460 1664 590 1730 claudat
611 1665 693 1730 mihi
715 1665 838 1750 pagina
861 1665 1001 1730 Thebas.
1063 1699 1067 1708 =

623 1859 684 1925 ΠΙ.

282 2000 511 2057 CONSOLATIO
530 2001 580 2055 AD
599 1998 791 2054 CLAUDIUM
809 1999 1015 2055 ETRUSCUM.

117 2108 250 2175 Summa
272 2110 376 2194 deum,
397 2109 517 2193 Pietas,
539 2110 630 2174 euius
654 2108 841 2193 gratissima
864 2108 952 2173 eaelo

116 2197 203 2262 Rara
225 2198 416 2281 profanatas
439 2198 624 2281 inspectant
646 2197 780 2261 numina
802 2200 915 2278 terras,

116 2286 190 2351 Hue
211 2286 331 2349 uittata
352 2307 480 2350 comam
501 2286 659 2370 niueoque
682 2285 819 2371 insignis
844 2285 973 2368 amictu,

116 2373 229 2450 Qualis
253 2374 358 2439 adhue
380 2395 535 2457 praesens
559 2376 713 2459 nullaque
735 2375 871 2458 expulsa
888 2376 1068 2439 noeentum

115 2461 241 2527 Fraude
263 2462 357 2527 rudes
379 2463 518 2546 3333133
543 2467 640 2549 atque
663 2484 762 2527 aurea
783 2482 884 2547 regna
906 2462 1045 2547 colebas,
1170 2480 1187 2529 3

115 2550 250 2616 Mitibus
268 2551 412 2637 exequiis
435 2550 512 2615 ades
535 2556 569 2616 et
590 2552 732 2637 lugentis
755 2549 885 2615 Etrusci

116 2637 219 2705 Cerne
241 2640 314 2723 pios
335 2640 431 2705 fletus
454 2641 651 2725 laudataque
674 2640 796 2705 lumina
818 2642 919 2724 terge.

188 2890 239 2939 128
258 2883 400 2941 discedere
417 2890 486 2954 Ac,
504 2887 618 2943 correxi.
638 2888 648 2955 1
668 2890 718 2940 129
737 2883 889 2939 11313
908 2886 1069 2957 1113331331
1089 2902 1186 2941 331333

116 2955 221 3010 Marti
236 2956 492 3023 1134133333333
510 2963 560 3009 ca
575 2958 580 3025 1
595 2960 762 3025 seruataque
781 2961 954 3025 corruptam
970 2962 1038 3024 pato
1057 2960 1186 3025 sperata-

115 3028 198 3095 3331
221 3032 271 3081 136
290 3027 499 3097 euphratendz
519 3027 657 3082 eufratem
675 3030 720 3098 01
739 3032 789 3081 131
809 3043 908 3081 neuma
925 3028 1078 3095 1011138
1099 3044 1185 3095 quam

114 3113 175 3167 eqo:
194 3114 250 3167 qua
269 3102 286 3148 0
304 3099 409 3167 31139
430 3098 539 3164 Quo—
553 3115 662 3169 q-uo
665 3099 746 3152 fuco
764 3097 937 3152 (1333331133.ι
956 3097 1064 3163 Qna—
1079 3115 1137 3167 qna
1150 3128 1184 3137 -

114 3116 1184 3311 3333333333313331ιιι
1256 3208 1257 3211 ‡

114 3309 303 3434 ΘΜ1111911
302 3381 379 3434 alam
397 3396 432 3435 33
449 3386 467 3432 c
485 3381 562 3435 dedi:
582 3379 692 3435 Claudii
705 3380 815 3436 Etrusci
833 3342 925 3451 pietas
939 3382 979 3449 an
994 3386 1008 3435 ⁷
1022 3380 1187 3449 lassataque

113 3448 221 3504 lumina
239 3450 373 3505 Haadius
610 3526 629 3558 ν
