2517 3925
99 203 164 269 100
339 227 343 235 ι
466 203 498 258 Ρ.
516 202 655 257 Puerum
674 202 795 257 suasu

96 346 231 414 Uisibus
254 348 422 432 auratique
444 349 539 432 putes
561 347 729 432 laquearia
751 347 839 412 caeli.

97 436 161 502 Hic
184 459 257 502 cum
281 435 457 502 Romuleos
479 458 628 520 proceres
651 436 863 520 trabeataque
886 433 1005 501 Caesar

10 601 17 612 ι
98 525 242 611 Agmina
264 525 353 590 mille
376 524 473 590 simul
495 525 592 589 iussit
615 524 817 590 discumbere
839 525 969 608 mensis,

97 614 175 698 Ipsa
198 615 288 679 sinus
312 614 457 679 accincta
479 610 577 678 Ceres
600 611 811 698 Bacchusque
833 614 984 697 bborant

99 700 260 768 sufficere.
305 702 442 768 aetherii
464 702 543 766 felix
564 702 611 767 sic
634 702 743 767 orbita
765 701 857 767 fluxit
1131 721 1164 770 35

98 791 304 876 Triptolemi3
327 791 373 856 sic
395 790 526 856 uititcro
550 791 611 855 sub
634 791 769 875 palmite
790 791 894 856 nudos

99 878 274 945 Umbrauit
297 881 395 946 colles
417 883 450 944 et
472 880 583 945 sobria
605 901 682 946 rura
704 878 842 963 Lyaeus.

86 967 163 1033 ¹Sed
186 968 268 1034 mihi
289 990 358 1033 non
380 969 492 1054 epulas
513 968 667 1052 Indisque
690 968 801 1034 innixa
824 969 982 1034 columnis

98 1057 232 1123 Robora
253 1056 442 1123 Maurorum
463 1057 666 1142 famulasque
690 1079 729 1121 ex
752 1057 865 1123 ordine
887 1062 1026 1141 turmas,

98 1146 219 1229 Ipsum,
241 1145 348 1229 ipsum
366 1145 483 1230 cupido
506 1149 635 1210 tantum
659 1149 803 1230 spectare
825 1146 955 1211 uacauit
1132 1161 1168 1212 40

99 1233 325 1318 Tranquillum
348 1234 459 1298 uultus
483 1237 516 1297 ct
537 1234 706 1298 maiestate
730 1255 843 1300 serena

100 1321 296 1387 Mulcentem
317 1323 425 1387 radios
447 1323 766 1408 summittentemque
788 1323 932 1389 modeste

100 1410 265 1476 Fortunae
288 1411 408 1476 uexilla
431 1433 522 1491 suae;
544 1414 655 1476 tamen
678 1433 733 1478 ore
755 1407 918 1477 nitebat·

100 1498 331 1565 Dissimulatus
353 1499 469 1566 honos.
513 1501 612 1566 talem
636 1522 763 1586 quoque
781 1501 939 1566 barbarus
962 1501 1067 1566 hostis

101 1587 218 1653 Posset
241 1591 274 1652 et
295 1588 426 1674 ignotae
449 1593 659 1672 conspectum
681 1610 855 1675 agnoscere
876 1593 999 1675 gentes.
1134 1607 1170 1656 45

100 1675 177 1742 Non
199 1677 295 1742 aliter
316 1677 424 1763 gelida
445 1675 620 1762 Rhodopes
643 1679 678 1742 in
701 1679 786 1743 ualle
808 1679 967 1744 recumbit

100 1764 252 1830 Dimissis
276 1764 438 1831 Gradiuus
461 1767 566 1851 equis3
591 1767 637 1832 sic
660 1767 784 1832 lubrica
806 1768 901 1851 ponit

100 1852 249 1919 Membra
270 1854 483 1938 Therapnaea
505 1856 666 1920 resolutus
690 1856 851 1942 gymnade
875 1854 1000 1939 Pollux,

102 1941 155 2008 Sic
178 1942 262 2009 iacet
284 1943 326 2008 ad
349 1943 487 2030 Gangen
508 1943 597 2009 Indis
620 1945 820 2011 ululantibus
843 1943 970 2029 Euhan

101 2030 154 2097 Sic
177 2032 288 2117 grauis
311 2033 444 2098 Alcides
466 2037 542 2117 post
564 2033 696 2099 horrida
717 2034 806 2099 iussa
828 2056 978 2099 reuersus
1133 2049 1169 2099 oo

100 2120 271 2184 (laudabat
293 2123 396 2185 strato
419 2122 506 2186 latus
530 2122 692 2187 adclinare
715 2122 811 2188 leoni.

99 2208 207 2272 Perua
229 2209 345 2292 loquor
368 2209 504 2275 necdum
527 2232 629 2295 aequo
652 2216 735 2294 tuos,
759 2210 950 2275 Germanice
982 2211 1106 2278 uultus:

100 2296 198 2381 Talis,
221 2297 278 2362 ubi
300 2296 420 2362 Oceani
442 2300 539 2364 finem
563 2322 755 2385 mensasque
778 2300 891 2365 reuisit

99 2384 299 2469 Aethiopum
323 2406 431 2451 sacros
455 2388 590 2452 diffusus
612 2392 744 2454 nectare
767 2390 876 2453 uultus

99 2472 174 2537 Dux
197 2495 358 2558 superum,
381 2479 504 2541 secreta
526 2477 616 2541 iubet
638 2477 714 2542 dare
737 2477 880 2543 carmina
902 2477 1013 2541 Musas
1132 2492 1168 2541 55

99 2562 145 2626 Et
167 2562 357 2628 Pallenaeos
375 2562 543 2630 Phoebum
566 2565 697 2630 laudare
719 2566 912 2649 triumphos.

87 2650 143 2715 'Di
165 2650 227 2715 tibi
251 2649 404 2736 (namque
428 2654 552 2718 animas
576 2675 672 2737 saepe
695 2655 845 2719 exaudire
868 2655 1010 2719 minores

98 2739 273 2825 Dicuntur)
292 2742 418 2824 patriae
440 2741 491 2806 bis
514 2745 627 2826 terque
651 2743 735 2807 exire
759 2746 905 2808 senectae

98 2828 283 2892 Annuerint
305 2830 399 2893 fines!
422 2834 495 2894 rata
518 2830 652 2894 numina
674 2832 801 2896 miseris
825 2832 930 2911 astris

98 2914 295 2999 Templaque
310 2918 365 2981 des
379 2918 570 3002 habitesque
585 2919 711 2984 domos!
736 2942 832 3004 saepe
847 2942 956 2985 annua
968 2920 1092 3004 pandas
1132 2936 1167 2984 60

100 3002 237 3086 Limina,
261 3026 356 3089 saepe
379 3028 464 3072 nouo
488 3006 603 3071 Ianum
625 3007 740 3073 lictore
764 3008 894 3091 salutes,

170 3237 206 3285 34
228 3231 339 3287 laborat
361 3237 384 3285 Δ
407 3240 437 3298 c„
461 3251 529 3291 corr.
549 3253 567 3287 a
579 3237 589 3304 ΙΙ
602 3240 637 3289 35
656 3234 756 3289 Actaei
774 3236 908 3291 Heinsius
929 3237 938 3304 ΙΙ
958 3240 992 3289 38
1011 3234 1123 3289 ludisne
1143 3242 1169 3289 et

99 3307 134 3355 39
154 3302 311 3357 famulasuc
336 3304 441 3358 Martl.
469 3305 478 3374 lt
505 3311 538 3360 41
559 3306 641 3360 uultu
664 3306 712 3359 sed
731 3310 754 3358 Δ
772 3312 802 3369 0,
825 3322 894 3361 corr.
915 3307 1076 3361 Potitium
1098 3308 1107 3374 ΙΙ
1131 3311 1167 3359 50

98 3372 175 3425 iussa
190 3388 330 3495 pouercae
349 3376 454 3430 Mactl.
482 3375 491 3445 tt
518 3382 553 3431 54
571 3392 664 3431 sacros
683 3378 714 3431 5:
734 3394 813 3432 sacro
831 3383 849 3429 c
867 3395 885 3429 a
897 3378 907 3445 l
921 3384 953 3431 61
974 3376 1094 3433 Lumina
1108 3382 1126 3428 0
1141 3396 1166 3444 a,

99 3456 169 3497 corr.
