2517 3925
139 200 162 263 4
482 196 514 251 P.
532 193 672 249 PAPINII
690 192 810 247 STATII

146 342 305 410 Certatim
327 341 438 405 laurus
463 336 557 424 (olim
582 337 671 403 dolet
694 336 797 401 altera
819 335 919 424 vinci)

141 432 194 497 Da
216 430 346 495 veniam
370 450 406 493 ac
428 427 591 512 trepidum
613 430 727 511 patere
754 426 817 490 hoc
845 424 962 490 sudare
985 447 1167 510 parumper

141 519 290 584 Pulvere.
335 514 382 581 Te
405 517 505 602 longo
528 515 666 581 necdum
689 514 808 578 fidente
827 518 946 598 paratu

141 606 296 672 Molimur
318 626 520 691 magnusque
543 604 606 669 tibi
628 601 793 687 praeludit
817 602 973 668 Achilles.

186 692 337 760 Solverat
360 692 497 759 Oebalio
521 693 658 759 classem
682 691 720 756 de
743 692 841 756 litore
863 694 976 775 pastor
1127 707 1166 757 20

141 784 315 849 Dardanus
339 782 486 847 incautas
510 781 628 846 blande
652 779 828 865 populatus
851 779 1018 864 Amyclas,

142 873 308 957 Plenaque
333 870 473 936 materni
495 869 639 935 referens
662 869 836 953 praesagia
859 869 965 933 somni

144 960 322 1046 Culpatum
345 959 512 1043 relegebat
533 958 607 1041 iter,
631 979 695 1043 qua
718 957 849 1022 condita
870 960 973 1042 ponto

141 1050 313 1115 Fluctibus
336 1048 452 1112 invisis
475 1048 541 1111 iam
564 1044 681 1111 Nereis
705 1046 846 1129 imperat
868 1044 978 1110 Helle:

142 1137 224 1204 (lum
248 1136 363 1202 Thetis
386 1135 501 1201 idaeos
525 1131 601 1221 (heu
624 1156 802 1219 numquam
820 1156 906 1199 vana
923 1137 1096 1217 parentum
1129 1151 1167 1199 25

142 1224 318 1311 Augurial)
343 1224 474 1307 expavit
497 1223 602 1288 vitreo
626 1223 686 1287 sub
710 1223 840 1307 gurgite
863 1244 978 1287 remos.

142 1313 212 1381 Nec
235 1335 340 1397 mora,
364 1316 397 1376 et
419 1311 553 1377 undosis
576 1311 676 1375 turba
699 1313 876 1376 eomitante
900 1332 1049 1377 sororum

142 1401 304 1468 Prosiluit
325 1400 492 1464 thalamis:
516 1399 644 1464 fervent
667 1400 816 1465 coeuntia
839 1399 952 1465 Phrixi

141 1490 257 1557 Litora
280 1492 314 1553 et
336 1491 512 1573 angustum
536 1487 684 1553 dominas
708 1509 774 1554 non
797 1489 939 1573 explicat
961 1510 1091 1572 aequor.

141 1578 206 1644 llla
229 1578 286 1643 ubi
308 1577 454 1643 discusso
477 1577 620 1662 primum
645 1576 734 1643 subit
757 1598 833 1641 aera
855 1581 976 1661 ponto:
1127 1593 1167 1643 3ο

142 1666 208 1732 ‘Me
230 1666 314 1751 petit
334 1665 425 1751 haec,
447 1665 529 1731 mihi
553 1664 681 1731 classis’
705 1665 761 1749 ait,
784 1664 926 1731 ‘funesta
948 1666 1102 1751 minatur,

142 1757 297 1841 Agnosco
321 1756 464 1819 monitus
489 1758 521 1819 et
543 1753 664 1820 Protea
688 1774 765 1819 vera
788 1753 943 1819 locutum.

143 1844 229 1910 Ecce
253 1866 372 1909 novam
396 1843 527 1909 Priamo
549 1842 677 1908 facibus
701 1842 738 1907 de
762 1864 871 1926 puppe
893 1842 1011 1907 lavatis

143 1932 221 1999 Fert
242 1929 381 1998 Bellone
402 1954 534 1998 nurum:
557 1931 653 1997 video
678 1930 744 1996 iam
767 1931 856 1996 mille
879 1931 997 1998 cerinis

143 2023 273 2088 Ionium
296 2020 527 2106 Aegaeumque
550 2021 668 2106 premi3
691 2042 752 2085 neo
775 2020 905 2105 sufficit,
928 2022 1034 2086 omnis
1128 2038 1167 2088 35
1250 2034 1251 2053 ¹

145 2111 239 2188 Quod
262 2110 362 2194 plaga
384 2107 607 2195 Graiugenum
629 2109 764 2174 tumidis
788 2109 938 2174 coniurat
960 2109 1100 2175 Atridis:

146 2199 219 2264 Iam
241 2198 360 2283 pelago
383 2199 542 2284 terrisque
565 2219 657 2263 meus
682 2202 854 2282 quaeretur
875 2197 1022 2264 Achilles

145 2287 191 2352 Et
213 2287 303 2352 volet
325 2287 395 2371 ipse
419 2288 516 2371 sequi.
562 2284 647 2363 Quid
670 2285 757 2352 enim
781 2286 943 2351 cunabula
964 2309 1066 2371 parvo

144 2374 259 2440 Pelion
283 2378 317 2439 et
339 2375 425 2441 torvi
449 2375 670 2440 commisimus
694 2378 789 2439 antra
811 2375 984 2460 magistri?

143 2462 225 2547 Illic,
248 2463 283 2527 ni
305 2461 411 2548 fallor,
433 2462 649 2548 Lapitharum
670 2462 797 2546 proelia
820 2463 904 2528 ludit
1129 2481 1166 2531 40

144 2550 317 2635 Improbus
342 2555 375 2615 et
396 2552 505 2634 petria
527 2552 592 2616 iam
617 2574 652 2616 se
675 2553 808 2616 metitur
831 2552 866 2616 in
887 2551 992 2617 hasta

314 2725 358 2732 -0-1-

220 2838 252 2886 1⁷
281 2833 398 2887 suadere
419 2835 527 2886 ΗΠΒ
550 2831 653 2886 sudare
666 2836 709 2896 (ἕρ
735 2830 863 2902 εη111ᾱθτε
881 2831 917 2884 θ’
944 2832 1055 2887 sordere
1073 2833 1166 2889 Badr-

145 2903 256 2957 rcueiuo
277 2904 288 2972 1
317 2907 350 2957 18
376 2903 417 2956 Te
439 2901 672 2980 nondumolongo
691 2901 794 2956 fidente
812 2908 834 2955 1)
856 2903 981 2957 nondum
999 2902 1102 2958 fidente
1120 2905 1167 2975 111

148 2978 181 3027 1e
202 2973 344 3043 praeludit
361 2977 421 3026 ΑΗ
442 2972 592 3042 praeludat
609 2978 637 3024 Ι
654 2971 803 3041 praeludet
818 2974 902 3041 tull
921 2973 995 3028 clam
1010 2973 1167 3044 depopula-

147 3046 196 3099 tus
207 3043 339 3098 Meukius
348 3044 513 3112 (Observata
523 3060 554 3112 p.
567 3046 584 3097 5
592 3059 648 3112 sqq.
663 3043 723 3098 coll.
733 3041 830 3098 Sidon.
839 3043 964 3112 Apellis.
975 3045 998 3098 1
997 3044 1030 3098 X
1036 3048 1112 3100 114⁸
1130 3064 1167 3116 q,

147 3115 199 3185 qui
225 3113 348 3170 Stultum
374 3116 520 3183 imitatur).
539 3115 602 3182 1124
624 3113 753 3168 inmersis
771 3116 864 3239 eqeb
883 3114 971 3170 idaeis
988 3117 1032 3185 Ρ1
1052 3121 1086 3170 27
1134 3133 1168 3172 eo

149 3202 230 3241 mora
248 3185 284 3239 ab
303 3186 362 3241 cdd.
377 3189 438 3240 cett.
461 3185 472 3254 l
493 3183 638 3239 undisonis
655 3190 683 3238 Ι
705 3186 716 3253 1
738 3189 773 3238 28
819 3184 911 3240 rosilit
929 3202 946 3240 a
963 3185 1098 3241 thalamis
1113 3191 1141 3240 11
1156 3187 1168 3258 11

151 3263 186 3312 3ο
200 3255 251 3310 ubi
264 3272 315 3313 om.
330 3261 350 3308 r
363 3257 373 3326 1
387 3261 420 3310 31
435 3253 482 3309 Me
496 3255 578 3324 petit,
596 3255 667 3310 haec
694 3255 765 3310 mihi
793 3254 890 3311 classis
909 3257 1088 3327 distinguant
1107 3261 1168 3311 Eo

146 3327 206 3382 edd.
226 3331 287 3382 cett.
316 3328 322 3394 1
351 3327 467 3396 paratur
483 3325 549 3380 Ald.
572 3327 583 3395 l
604 3342 646 3380 uo.
666 3330 776 3381 33-90
798 3328 897 3382 desumi
918 3329 950 3382 iu
967 3337 989 3382 1)
1017 3329 1052 3395 cf.
1066 3345 1166 3398 progr.

148 3393 347 3451 Dormnericbii
361 3413 391 3478 p.
408 3395 472 3450 XV
486 3413 515 3450 n.
529 3399 640 3464 20136
659 3397 788 3452 coniurat
804 3397 839 3469 {iu
862 3399 946 3453 armis
965 3399 1057 3468 Gfl88
1074 3416 1167 3470 parra

148 3465 240 3530 unae
266 3465 441 3521 comissimus
459 3467 551 3535 l'l40
569 3466 611 3521 nil
628 3466 714 3521 fallor
731 3469 774 3536 1ss
