2517 3925
462 223 650 280 smUARUM
668 223 700 280 L.
719 224 753 292 V,
773 231 797 280 1.

90 363 270 430 Florebant
291 365 411 433 hilares
434 368 681 454 inconcussique
706 373 854 452 penates:

87 453 146 517 Nil
169 456 348 518 maestum..
372 455 449 540 quid
472 457 570 542 enim,
593 458 742 542 quamuis
765 458 865 522 infida
887 459 1042 544 leuisque,

87 539 226 607 Caesare
248 546 319 607 tam
341 543 455 611 dextro
478 549 591 629 posset
612 544 758 611 Fortuna
780 547 911 612 timeri?

85 629 246 695 Inuenere
268 633 356 696 uiam
377 632 515 698 liuentia
537 634 615 719 fata,
638 635 792 720 piumque
1110 653 1160 702 115

84 718 230 784 Intrauit
251 721 302 795 uis
325 743 425 786 saeua
445 723 557 788 larem.
594 725 640 788 sic
662 724 758 806 plena
780 725 925 809 maligno

84 807 253 872 Afflantur
275 811 386 874 uineta
407 813 500 895 noto,
524 812 570 877 sie
593 813 663 877 alta
686 812 824 878 senescit

85 895 196 960 Imbre
220 918 313 982 seges
335 899 450 982 nimio,
473 901 628 984 grauidae
653 901 700 965 sic
722 902 820 966 obuia
842 900 942 985 puppi

83 983 218 1050 Inuidet
232 990 274 1050 -et
295 987 378 1051 uelis
401 987 571 1053 adnubilat
593 1011 672 1054 aura
696 989 853 1054 secundis.

84 1071 241 1158 Carpitur
262 1075 415 1140 eximium
436 1077 507 1142 fato
530 1077 679 1142 Priscilla
703 1077 864 1160 decorem3
1110 1093 1160 1144 150

83 1162 234 1238 Qualiter
256 1165 325 1228 alta
347 1185 475 1230 comam
498 1166 656 1231 siluarum
678 1166 783 1251 gloria
805 1167 901 1250 pinus

83 1249 150 1314 Seu
173 1250 262 1316 Iouis
285 1252 361 1336 igne
384 1253 472 1319 malo
496 1276 553 1320 sen
575 1254 641 1320 iam
664 1255 770 1320 radice
794 1256 902 1320 soluta

81 1339 204 1404 Deficit
227 1343 260 1404 et
282 1341 364 1405 nulli
387 1343 529 1426 spoliata
551 1348 767 1408 remurmurat
790 1365 896 1408 aurae.

82 1428 172 1504 Quid
194 1429 342 1512 probitas
365 1434 424 1495 aut
446 1435 538 1497 casta
558 1431 648 1517 fides,
671 1432 747 1517 quid
770 1433 906 1498 numina
928 1436 1065 1515 prosunt

82 1517 182 1582 Culta
207 1518 322 1582 deum?
359 1519 473 1584 furuae
496 1520 649 1584 miseram
672 1521 793 1586 circum
816 1521 957 1606 undique
980 1521 1039 1584 leti
1107 1537 1157 1586 155

80 1605 258 1670 Uallauere
279 1608 406 1692 plagae,
428 1612 607 1674 tenuantur
629 1610 711 1674 dura
733 1631 882 1674 sororum

80 1695 175 1760 Licia
198 1698 231 1759 et
254 1697 358 1761 erecti
381 1701 530 1781 superest
550 1719 628 1782 pars
651 1699 767 1762 ultima
789 1699 845 1762 fili.

80 1782 138 1847 Nil
163 1783 278 1848 famuli
301 1788 420 1869 coetus,
442 1786 489 1850 nil
512 1809 565 1851 ars
588 1807 727 1870 operosa
749 1786 935 1850 medentum

79 1872 251 1936 Auxiliata
273 1873 384 1958 malis3
407 1875 542 1939 comites
564 1879 676 1940 tamen
699 1875 839 1959 undique
863 1874 938 1938 ficto

81 1963 182 2048 Spem
206 1960 362 2027 simulant
384 1966 486 2047 uultu,
507 1964 639 2029 flentem
661 1967 755 2028 notat
776 1964 835 2028 illa
857 1961 1018 2027 maritum.
1106 1978 1156 2027 100

78 2052 142 2116 Ille
166 2050 264 2115 modo
286 2051 433 2117 infernae
455 2054 671 2138 nequicquam
693 2052 826 2117 flumina
848 2050 967 2115 Lethes

80 2142 280 2223 Incorrupta
302 2144 409 2225 rogat,
431 2162 518 2207 nunc
541 2142 656 2206 anxius
681 2140 831 2206 omnibus
855 2140 920 2205 aris

77 2229 272 2295 Inlacrimat
294 2229 467 2314 signatque
488 2230 576 2295 fores
599 2234 632 2294 et
654 2233 785 2313 pectore
808 2233 915 2313 terget
986 2308 988 2313 Α

77 2316 225 2400 Limina3
247 2338 334 2381 nuno
356 2318 468 2403 magni
489 2322 586 2384 uocat
608 2318 772 2383 exorabile
794 2339 915 2383 numen

80 2405 245 2473 Caesaris.
281 2405 346 2470 heu
369 2405 467 2471 durus
489 2407 551 2471 fati
572 2408 680 2473 tenor!
718 2410 809 2471 estne
833 2407 918 2491 quod
941 2405 989 2470 illi
1042 2407 1047 2421 ‘
1103 2423 1154 2471 165

79 2496 159 2561 Non
182 2493 303 2559 liceat?
326 2500 467 2578 quantae
489 2500 644 2579 poterant
665 2496 857 2561 mortalibus
883 2496 976 2561 annis

77 2583 266 2649 Accessisse
289 2604 409 2668 morae,
432 2584 461 2649 si
483 2588 529 2667 tu,
551 2588 654 2669 pater,
677 2606 772 2649 omne
795 2589 922 2653 tenores

77 2669 287 2737 Arbitrium?
311 2692 406 2737 caeco
431 2675 574 2757 gemeret
597 2695 684 2737 mors
708 2674 799 2753 clusa
821 2672 987 2757 barathro,
1094 2746 1098 2751 ¹

77 2762 227 2847 Longius
251 2762 284 2823 et
305 2782 427 2825 uacuae
449 2760 634 2845 posuissent
658 2762 797 2827 stamina
818 2761 949 2826 Parcae.

76 2858 213 2937 lamque
237 2847 358 2914 cadunt
379 2850 490 2914 uultus
514 2849 678 2934 oculisque
701 2849 897 2914 nouissimus
921 2870 1011 2915 error
1102 2867 1152 2916 170

78 2939 310 3025 Optunsaeque
334 2959 437 3022 aures,
459 2938 524 3002 nisi
547 2960 621 3002 cum
645 2960 708 3002 uox
732 2938 802 3003 sola
825 2938 936 3003 mariti

77 3028 248 3111 Noscitur;
270 3025 362 3090 illum
385 3048 487 3091 unum
509 3027 616 3091 media
639 3026 678 3090 de
701 3030 803 3091 morte
826 3048 974 3092 reuersae

152 3296 203 3346 118
222 3290 357 3361 grauidae
374 3290 475 3359 scripsi
488 3288 506 3345 l.
526 3288 543 3343 l.
560 3304 589 3357 p.
608 3293 680 3345 261:
697 3287 813 3358 rapidae
833 3294 850 3340 0
869 3290 913 3358 al}
934 3294 984 3343 149
1004 3287 1151 3344 obnubilat

77 3366 123 3420 ael
141 3362 275 3420 obsibilat
285 3361 391 3415 Morti.
405 3362 415 3429 ΙΙ
430 3366 481 3415 106
499 3361 651 3415 tenuantur
666 3359 762 3414 Dona:
779 3360 934 3415 tenduntur
953 3365 1013 3426 ⁰⁸3
1035 3377 1074 3416 aa
1091 3362 1148 3416 tar·

77 3436 181 3490 dantur
198 3432 304 3502 ,91160
322 3432 388 3499 sort.
406 3434 488 3488 notat
505 3446 562 3485 una
574 3432 585 3499 ll
599 3435 650 3484 161
670 3430 786 3485 numine
803 3430 907 3485 Lethes
923 3431 1057 3486 Heinsius
1070 3434 1080 3501 l
1095 3439 1144 3486 171

76 3507 161 3561 mola
174 3504 228 3560 nisi
246 3504 411 3574 (1110111112
430 3519 545 3559 reuersa
561 3506 580 3551 0
598 3519 623 3571 ι,
642 3515 712 3556 corr.
731 3501 866 3555 Halmius

899 3588 936 3639 9*
