2517 3925
110 210 153 275 26
479 213 509 268 P.
528 210 667 265 PAPINII
685 210 807 264 STATII

113 355 219 432 Quare
243 376 318 442 ege,
340 357 369 421 si
391 354 501 421 Cereri
524 376 583 420 sua
606 354 692 421 dona
709 365 897 439 merumque
919 352 1031 439 Lyaeo

113 442 302 523 Reddimus,
325 448 359 508 et
380 443 470 509 diues
493 443 632 529 praedae
654 446 765 507 tamen
787 443 906 527 accipit
928 443 1020 507 omni

110 530 255 597 Exuuias
277 532 385 597 Diana
406 531 499 597 tholo
522 532 717 616 captiuaque
738 532 806 595 tela

112 618 324 705 Bellipotens:
347 642 407 685 nee
428 622 466 684 tu
489 617 699 707 (quemquam
721 620 796 703 tibi,
819 618 954 703 Galliae,
977 621 1089 685 maius

111 707 302 794 Eloquium,
324 708 482 793 fandique
503 709 622 794 opibus
645 708 794 774 sublimis
819 705 981 794 abundas)
1155 726 1193 775 35

113 796 234 881 Sperne
257 798 319 863 coli
341 798 487 863 tenuiore
510 798 590 882 lyra
636 818 722 883 uaga
744 796 886 881 cingitur
907 796 1008 861 ast-is

111 884 217 971 Luna,
239 889 273 951 et
293 886 329 951 in
352 906 508 952 oceanum
530 886 595 950 riui
616 885 759 950 cecidere
781 886 931 950 minores.

116 973 204 1050 Quae
226 975 288 1039 tibi
310 975 469 1040 sollicitus
491 974 650 1058 persoluit
671 974 821 1057 praemia
841 994 969 1039 morum

111 1061 210 1128 Urbis
234 1063 349 1128 amor?
385 1084 468 1147 quae
489 1066 561 1127 tum
583 1066 779 1147 patrumque
802 1062 1009 1147 equitumque
1033 1064 1155 1129 notaui

112 1148 251 1216 Lumina
274 1155 307 1215 et
329 1152 464 1236 ignarae
486 1151 591 1234 plebis
614 1158 726 1235 legere
748 1153 919 1234 potentes?
1154 1168 1191 1217 ιο

112 1236 189 1304 Non
210 1240 343 1304 labente
364 1239 473 1304 Numa
494 1239 606 1303 timuit
628 1240 674 1303 sic
697 1240 787 1303 curie
808 1238 900 1323 felix,

112 1326 268 1411 Pompeio
291 1348 352 1391 nee
374 1327 478 1392 celsus
501 1348 598 1412 eques
620 1348 681 1391 nee
703 1327 826 1393 femine
847 1326 959 1393 Bruto.
1067 1370 1075 1379 „

112 1413 185 1480 Hoc
208 1414 302 1480 illud:
325 1415 430 1479 tristis
453 1416 594 1480 inuitum
616 1416 728 1480 audire
750 1419 895 1501 catenas,

114 1503 249 1569 Parcere
271 1504 457 1569 uerberibus
478 1524 539 1570 nec
561 1526 625 1588 que
648 1504 738 1568 iubet
760 1504 829 1568 alta
851 1507 997 1588 potestas

111 1591 178 1676 Ire,
201 1591 258 1657 sed
281 1595 422 1660 amatas
446 1593 586 1657 multum
609 1592 673 1657 sibi
696 1592 824 1657 demere
845 1593 931 1658 uires
1154 1611 1190 1659 ιι

113 1679 314 1766 Dignarique
336 1694 452 1746 manus
475 1681 607 1746 humilis
631 1685 665 1745 et
687 1681 791 1745 uerba
811 1685 1014 1765 precantum,

112 1768 257 1834 Reddere
279 1769 352 1835 iura
372 1770 444 1837 foro
467 1792 527 1835 nec
549 1769 744 1853 proturbare
764 1769 892 1834 curules

114 1856 160 1922 nt
182 1858 303 1924 ferrum
325 1860 465 1925 mulcere
488 1863 577 1943 toga.
621 1858 669 1923 sic
691 1858 759 1922 itur
779 1857 815 1921 in
837 1858 904 1921 alta

113 1945 262 2033 Pectora,
286 1948 332 2014 sic
354 1948 459 2014 mixto
479 1946 662 2013 reuerentia
685 1945 764 2014 sidit
784 1967 903 2011 amore

113 2035 190 2118 Ipsa
212 2037 313 2100 etism
334 2041 466 2102 cunctos
490 2037 600 2121 grauis
621 2035 832 2100 inclementia
852 2035 914 2100 lati
1149 2051 1187 2102 ee

114 2122 245 2188 Terruit
267 2127 300 2188 et
324 2125 424 2188 subiti
447 2145 603 2208 praecepa
622 2124 766 2188 iuuenile
786 2123 912 2207 pericli,

113 2209 171 2276 Nil
193 2215 366 2276 cunctante
389 2213 484 2276 malo.
530 2233 599 2277 non
620 2213 701 2277 illud
724 2213 820 2296 culpe
842 2216 990 2278 senectae

114 2297 256 2450 §Quippe
279 2320 317 2364 ee
339 2299 390 2364 bis
416 2300 501 2364 senis
527 2300 659 2382 uixdum
682 2322 758 2365 orsa
779 2300 930 2366 excedere
952 2300 1089 2404 lustris),

139 2386 178 2450 ed
199 2387 294 2451 labor.
315 2387 490 2452 intendens
514 2389 679 2473 animique
700 2389 736 2453 in
758 2389 905 2454 membra
929 2390 1068 2475 uigeatis

113 2473 290 2558 Imperium
312 2475 491 2561 uigilesque
515 2499 573 2542 suo
596 2499 657 2561 pro
681 2474 822 2541 Caesare
843 2498 953 2561 curae,
1152 2495 1191 2546 55

114 2562 216 2628 Dulce
240 2586 331 2648 opus.
375 2564 453 2629 hinc
475 2565 582 2631 fessos
604 2565 734 2649 penitus
758 2565 951 2649 subrepsit'
943 2589 978 2631 m
1000 2571 1092 2632 artus

114 2649 276 2717 Insidiosa
299 2652 388 2737 quies
412 2656 445 2717 et
467 2655 562 2739 pigre
585 2653 707 2718 obliuio
729 2653 826 2719 uitae.

114 2739 205 2805 Tunc
227 2741 318 2825 deus,
341 2741 455 2826 Alpini
478 2742 533 2826 qui
555 2743 646 2806 iuxta
667 2741 810 2806 culmina
832 2742 919 2807 dorsi

117 2826 233 2913 Signat
254 2829 429 2914 Apollineo
453 2834 583 2896 sanctos
607 2831 799 2915 cognomine
821 2831 927 2913 lucos,

115 2915 261 3001 Respicit
282 2917 346 2982 heu
369 2918 455 2984 tanti
477 2917 621 2984 residens
646 2939 777 2983 securus
800 2919 931 2984 alumni.
1155 2939 1192 2990 60

117 3075 330 3087 W

109 3179 119 3196 '‘
187 3186 264 3249 etq
246 3195 418 3250 qrramqmm
439 3181 596 3236 Basileios:
619 3182 810 3250 quandove
862 3189 897 3239 41
915 3182 1025 3238 maduit
1048 3183 1090 3238 eie
1112 3184 1193 3239 curia

118 3251 187 3306 fletu
204 3251 851 3321 HoasimlleesiditamoreBmtleiusffi
881 3254 972 3310 amori
998 3259 1023 3306 Δ
1045 3259 1065 3306 c
1090 3255 1192 3310 sedat

116 3337 212 3378 amore
240 3323 350 3378 Marti.
368 3324 435 3392 loe
462 3322 531 3377 Inde
559 3323 646 3378 etiem
668 3323 839 3379 Sclnodmu
863 3325 874 3393 l
901 3324 982 3379 el
953 3328 1127 3395 pigraessl
1153 3331 1191 3380 59

116 3390 463 3460 Apollineosssnotoea
435 3408 544 3448 a.oorr
559 3341 1054 3464 Murhlleoreerdeusecn'pail.
1038 3397 1101 3465 tp
1115 3401 1193 3452 253.-

116 3461 257 3528 precidem
284 3467 338 3516 Ge
320 3463 510 3534 spridemss
