2517 3925
395 226 567 284 EDITORIS
586 228 804 284 PRAEFATIO.
1097 250 1150 285 xnr

68 376 183 437 tamen
206 394 360 456 acumen,
383 376 420 437 ut
441 372 510 437 fere
532 372 586 455 fit,
608 371 697 437 hand
719 396 793 439 raro
814 374 911 438 nimis
935 374 990 439 ille
1008 374 1148 440 intendit

71 482 175 545 eoque
213 462 330 527 relicta
367 461 509 545 simplici
540 461 680 526 ueritate
711 462 753 527 ad
787 462 873 528 falsa
905 462 1056 546 delapsus
1089 467 1148 529 est.

71 548 225 633 exemplo
249 571 318 614 rem
341 549 518 615 ostendam.
542 549 616 614 silu
633 549 651 613 1
669 550 700 633 3,
718 550 762 617 50
781 572 829 635 sq.
849 551 930 617 haec
948 550 1048 636 uulgo
1071 556 1148 617 ante

73 642 224 703 nostram
248 636 424 703 editionem
446 638 652 723 legebantur:

201 793 343 875 Quicquid
364 796 394 849 et
414 797 530 865 argento
548 796 671 865 primum
689 795 762 850 uel
752 814 783 849 m
801 812 865 851 acre
883 795 1007 865 Myronis

199 863 282 919 lusit
300 866 329 920 et
347 882 477 921 enormes
495 882 595 920 manns
613 867 643 921 ct
661 868 779 935 experta
796 865 927 922 colossos

75 1027 179 1092 sensit
202 1024 413 1091 Marklandus
436 1025 608 1111 Myronem
635 1050 703 1094 non
724 1031 812 1093 recte
834 1046 981 1093 enormes
1005 1024 1149 1095 colossos

77 1117 249 1199 expertum
273 1136 344 1180 esse
371 1115 436 1181 dici
459 1116 555 1223 (nam
572 1116 723 1182 Romana
746 1120 832 1181 certe
857 1116 1068 1201 antiquitas
1058 1138 1150 1203 igno-

76 1203 163 1268 rauit
180 1202 251 1268 eius
270 1204 351 1288 ἔργα
374 1201 579 1289 uolucres),
603 1205 706 1270 sed
673 1204 771 1270 mmis
786 1206 856 1269 erat
870 1209 983 1270 acutus
999 1205 1150 1289 adiciens,

77 1292 217 1357 colossis
240 1291 307 1357 illis
330 1314 397 1357 non
418 1292 525 1358 locum
548 1292 649 1357 fuisse
668 1294 756 1358 intra
773 1292 908 1377 Uopisci
930 1294 1041 1377 aedes,
1064 1316 1150 1359 cum-

77 1401 139 1465 que
162 1401 264 1465 porro
287 1402 327 1445 ex
344 1380 492 1465 Myronis
511 1382 818 1448 commemoratione
842 1344 1046 1448 concluderet
1068 1384 1149 1448 alios

75 1469 297 1641 1111111111
298 1469 1151 1624 {Mettltreticebittssfidbttb

77 1648 136 1709 est.
179 1644 326 1729 neglexit
348 1645 449 1731 igitur
472 1646 653 1731 simplicem
675 1647 972 1731 ratiocinationem,
995 1653 1153 1731 quaeest

77 1732 172 1797 haec:
203 1732 349 1817 Myronis
377 1734 521 1800 colossos
549 1756 616 1800 non
648 1735 796 1821 cognitos
827 1734 970 1799 habuere
998 1734 1150 1821 Romani3

78 1843 145 1886 non
176 1825 255 1905 apta
282 1826 333 1887 est
360 1822 456 1887 unius
485 1822 621 1888 alicuius
655 1824 790 1888 artificis
822 1825 1085 1888 commemoratio
1117 1826 1150 1889 in

77 1913 149 1975 tam
177 1910 323 1996 generali
350 1910 513 1976 uariorum
543 1932 678 1996 operum
709 1908 979 1995 metallorumque
1011 1910 1150 1996 descrip-
1196 1960 1200 1966 .

78 2001 185 2083 tione3
214 1998 351 2064 absurde
374 2000 459 2064 inter
487 2023 520 2066 se
548 2003 758 2085 opponuntur
779 2018 833 2065 aee
858 2003 927 2063 tam
949 1998 1034 2064 nude
1061 2001 1148 2084 posi-

78 2091 152 2153 tum
185 2091 219 2152 et
252 2107 389 2153 enormes
420 2087 543 2173 colossi,
575 2089 695 2175 quippe
722 2087 779 2173 qui
801 2109 841 2152 ex
863 2109 936 2154 aere
963 2089 1151 2173 plerumque

78 2177 285 2262 fingerentur
309 2179 343 2240 et
365 2176 438 2262 ipsi,
484 2199 523 2241 ex
545 2177 597 2242 his
620 2175 803 2242 rationibus
826 2176 984 2261 equidem,
1006 2177 1064 2241 ubi
1085 2178 1152 2261 pri-

78 2287 171 2330 mum
191 2269 267 2329 ante
285 2263 346 2331 hos
367 2267 440 2330 octo
460 2287 561 2330 armos
581 2262 723 2330 Statium
746 2264 852 2349 attigi,
875 2266 922 2331 sic
946 2264 1151 2330 scribendum

76 2353 208 2438 putaui:
728 2389 742 2399 ·

207 2526 347 2596 Quicquid
366 2529 395 2582 et
413 2528 532 2596 argento
548 2526 681 2596 primum,
699 2527 746 2582 nel
762 2526 793 2581 in
811 2543 875 2582 aere
892 2528 997 2582 minore

205 2598 287 2652 Lusit
298 2601 335 2653 et
353 2614 479 2654 enormes
496 2613 596 2652 manus
616 2600 660 2652 eat
677 2600 793 2668 experta
810 2597 941 2654 colossos.

79 2763 148 2828 iam
176 2760 263 2825 enim
292 2763 381 2825 recte
409 2781 448 2824 ex
475 2761 639 2826 contrario
667 2761 733 2825 sibi
765 2760 899 2826 obstant
928 2780 1004 2825 aere
1029 2760 1153 2826 minora

80 2853 113 2914 et
140 2868 281 2914 ereormes
307 2847 452 2914 colossi
442 2869 571 2934 remque
597 2851 685 2918 recte
720 2847 779 2912 illa
805 2848 926 2932 lucrose,
956 2847 1017 2914 hos
1049 2849 1153 2913 multa
1184 2908 1188 2914 ,

81 2937 209 3003 scilicet
236 2958 310 3002 cum
337 2957 414 3001 cura
441 2941 565 3019 emperia
592 2958 663 3002 esse
691 2936 853 3052 artificpm
879 2958 995 3002 manus
1022 2937 1102 3002 dicit
1087 2941 1153 3022 tnr3

84 3024 312 3111 accipiendum
335 3029 386 3090 cst
408 3026 518 3090 autem
541 3024 655 3090 illud‘
656 3023 808 3109 primum'
832 3024 1086 3178 sigpificatione
1087 3047 1154 3090 non

80 3114 244 3180 inusitata
257 3135 316 3198 pro
331 3112 534 3197 ‘primarium
535 3111 766 3198 'adiciturque
784 3116 861 3196 post
880 3111 1055 3198 ‘quicquid'
1073 3112 1154 3178 illud

82 3202 244 3268 ‘enormes
263 3199 420 3267 colossos'
443 3204 536 3266 const
537 3206 610 3268 ruct
610 3203 684 3267 ione
707 3201 838 3287 quidem
860 3201 1022 3286 liberiore,
1046 3201 1130 3266 sed
1119 3222 1154 3265 m

82 3289 192 3356 Statio
224 3289 404 3356 toleranda.
452 3309 512 3354 nec
539 3291 746 3356 mediocriter
775 3289 883 3354 hercle
914 3290 1046 3374 gauisus
1074 3311 1155 3371 snm,

82 3401 157 3444 cnm
188 3378 273 3444 hanc
305 3379 523 3444 coniecturam
553 3383 669 3462 postea
699 3379 741 3443 ab
777 3378 857 3461 ipsis
889 3377 1054 3441 codicibus
1086 3377 1154 3442 uidi

82 3467 323 3552 confirmatam
355 3466 508 3532 exhibent
536 3467 622 3532 enim
646 3466 710 3531 ‘uel
732 3465 767 3529 in
789 3486 862 3528 aere
885 3463 1026 3547 minori',
1047 3464 1153 3528 fluxit
