2517 3925
433 200 770 271 sacrarentur.
809 167 811 172 ’
1067 201 1131 266 143

59 349 209 414 Primum
233 347 376 413 animum
398 346 572 430 tacitisque
595 347 694 412 situm
717 346 877 430 depellere
900 345 1029 412 chordis

58 437 155 503 Nunc
180 437 282 502 etiam
304 435 435 500 labente
458 457 557 501 manu
579 456 640 500 nec
658 435 778 500 lumine
797 435 882 500 sicco
1096 453 1132 500 aa

60 526 180 592 Ordior
203 524 336 590 acclinis
358 524 494 606 tumulo,
517 545 580 607 quo
603 523 701 589 molle
725 524 864 607 quiescis

59 615 180 700 Iugera
202 616 315 679 nostra
336 615 462 696 tenena,
484 613 540 677 ubi
563 616 640 695 post
662 611 785 676 Aeneia
807 612 877 678 fata

61 703 234 769 Stellatem
256 700 359 766 Latiis
382 700 521 786 ingessit
542 700 710 765 montibus
732 700 855 766 Albam

59 792 232 874 Ascanius,
254 789 399 874 Phrygio
423 788 500 853 dum
522 789 660 873 pingues
684 790 842 873 sanguine
865 811 997 874 campos
1111 845 1114 854 i

61 880 139 946 Odit
162 883 198 944 et
218 879 380 943 infaustae
402 897 541 962 regnum
564 877 672 942 dotale
695 899 864 943 nouercae.
1096 894 1133 943 40

60 968 122 1034 Hic
146 989 209 1054 ego
232 970 266 1032 te
289 964 380 1050 (nam
403 963 527 1030 Sicanii
547 987 616 1030 non
639 966 750 1030 mitius
772 966 867 1032 halat

60 1058 153 1122 Aura
176 1057 271 1140 croci,
294 1055 370 1119 ditis
393 1075 454 1121 neo
478 1055 525 1119 sic
547 1054 608 1119 tibi
632 1075 708 1118 cara
732 1053 851 1119 Sabaei

61 1145 233 1224 Cinnama,
256 1144 409 1209 odoratas
432 1165 493 1207 nec
515 1141 623 1207 Arabs
647 1143 791 1227 decerpit
814 1141 947 1229 aristas)

59 1234 186 1299 Inferni
209 1255 282 1298 cum
302 1232 399 1296 laude
421 1232 512 1296 lacus
535 1235 569 1296 et
591 1232 731 1297 carmine
754 1231 876 1319 plango

60 1323 184 1406 Pieri03
209 1343 300 1387 sume
322 1341 340 1385 o
363 1320 503 1406 gemitus
527 1323 561 1384 et
582 1341 720 1384 munera
741 1322 813 1385 nati
1094 1338 1129 1387 45

60 1411 105 1476 Et
127 1411 289 1494 lacrimas,
311 1410 378 1473 rari
401 1430 481 1492 quas
504 1430 659 1492 umquam
680 1408 823 1476 habuere
845 1412 1005 1493 parentes.

61 1500 171 1584 Atque
192 1499 320 1562 utinam
341 1498 476 1562 fortuna
497 1497 589 1581 mihi,
611 1495 689 1561 dare
712 1499 863 1563 manibus
886 1520 973 1582 aras,

61 1586 126 1652 Par
148 1587 280 1671 templis
304 1608 395 1670 opus,
419 1586 603 1669 aeriamque
626 1585 762 1651 educere
785 1588 918 1670 molem,

62 1676 245 1760 Cyclopum
268 1675 419 1758 scopulos
441 1675 529 1738 ultra
551 1677 647 1759 atque
672 1675 807 1740 audacia
830 1697 910 1740 saxa

61 1764 283 1849 Pyramidum,
306 1767 340 1827 et
362 1783 482 1848 magno
506 1764 668 1827 tumulum
690 1767 877 1848 praetexere
899 1763 986 1828 luco!
1096 1779 1131 1828 50

60 1854 132 1918 Illic
155 1857 190 1918 et
212 1850 313 1917 Siculi
336 1873 540 1936 superassem
562 1850 649 1916 dona
672 1853 811 1936 sepulcri

60 1941 104 2007 Et
127 1939 267 2007 Nemees
289 1940 398 2007 lucum
421 1943 454 2005 et
474 1939 606 2025 Pelopis
631 1941 801 2007 sollemnia
824 1940 940 2006 tnmci.

59 2030 130 2096 lllic
154 2029 289 2096 Oebalio
311 2051 379 2095 non
399 2030 537 2094 finderet
559 2051 636 2094 aera
659 2030 748 2094 disco

61 2119 236 2185 Graiorum
258 2118 309 2182 uis
332 2118 397 2183 uda
419 2118 536 2200 uirum,
558 2139 626 2183 non
649 2140 729 2183 arua
751 2120 874 2204 rigaret

61 2206 166 2274 Sudor
189 2230 309 2292 equum
331 2212 389 2272 aut
410 2207 500 2291 putri
522 2207 665 2271 sonitum
685 2207 777 2273 daret
794 2208 919 2293 ungula
938 2227 1065 2292 campo3
1096 2222 1131 2271 55

60 2295 124 2361 Sed
146 2295 274 2362 Phoebi
295 2296 434 2378 simplex
456 2294 582 2379 choma,
605 2298 640 2359 et
661 2294 848 2361 frondentia
871 2299 984 2361 uatum

60 2383 210 2450 Praemia
232 2384 375 2463 laudato,
398 2384 536 2469 genitor,
558 2387 591 2447 te
614 2384 677 2447 rite
700 2384 846 2471 ligarem.

131 2688 168 2737 34
187 2682 298 2739 chordis
320 2682 406 2737 idem
429 2681 502 2736 curis
521 2686 539 2732 0
558 2700 575 2733 0
600 2683 611 2751 fl
638 2687 673 2736 35
691 2682 805 2738 labante
824 2687 855 2739 5:
880 2684 1003 2739 habente
1022 2684 1068 2739 ael
1083 2686 1130 2741 he-

60 2754 145 2809 berte
168 2754 223 2820 (ita
245 2756 272 2822 0)
296 2754 402 2820 elnac
422 2752 596 2807 Gronoaiac:
618 2769 692 2807 nnnc
713 2754 1130 2825 00113600011010401138

59 2824 211 2879 Stellatem
228 2825 343 2893 scripsi:
367 2822 502 2878 Stellatns
520 2828 538 2874 0
558 2842 575 2875 0
598 2824 710 2878 Solutus
728 2826 812 2893 culpo
826 2827 836 2894 [l
849 2830 883 2880 40
901 2824 1021 2881 infestae
1040 2829 1131 2897 51142

59 2896 99 2950 sic
118 2895 195 2950 edd„-
213 2895 238 2949 ci
256 2900 275 2946 0
293 2912 310 2947 a
328 2894 418 2949 sicubi
437 2893 618 2962 6000004001
634 2910 700 2949 cara
718 2895 839 2951 Maru:
856 2912 921 2951 rara
939 2902 957 2948 0
976 2915 993 2950 0
1005 2900 1016 2968 ΙΙ
1029 2904 1063 2953 43
1083 2899 1129 2954 de-

59 2965 165 3035 cerpsit
188 2971 206 3016 0
224 2984 254 3035 0,
278 2967 393 3020 correxi.
417 2965 550 3034 decerpat
573 2970 591 3020 5
611 2968 622 3034 l
639 2970 675 3019 44
698 2966 803 3021 Inferni
825 2972 843 3018 0
866 2986 895 3022 a:
920 2968 1028 3027 luserui
1049 2969 1130 3025 Dcm.

60 3036 65 3107 1
85 3037 165 3091 lacus
183 3038 214 3091 ct
230 3036 343 3105 sapa:
361 3036 418 3091 laci
435 3036 485 3091 sed
503 3041 521 3087 0
540 3053 557 3088 0
574 3036 632 3091 loci
650 3041 668 3091 5
686 3036 756 3092 locis
775 3040 805 3092 et
812 3037 981 3094 Bernartius
998 3039 1133 3111 (ideaque

58 3108 104 3163 aed
121 3124 151 3163 a.
170 3113 205 3161 41
224 3106 277 3161 Η10
293 3107 443 3176 Bartbc'ac)
465 3106 476 3178 ll
493 3113 527 3161 46
547 3124 564 3161 ο
589 3108 702 3163 addidi.-
725 3114 813 3173 0000
832 3128 849 3161 0
869 3112 899 3164 et
917 3114 935 3164 5
953 3110 1005 3166 hos
1025 3110 1130 3165 Markl.

61 3178 65 3248 Ι
84 3194 204 3233 munera
220 3178 306 3233 idem:
330 3178 448 3233 uulnera
470 3183 488 3229 0
507 3180 605 3247 01140
629 3180 688 3233 cari
707 3178 857 3234 (iwaniec
876 3181 882 3247 Ι
902 3196 971 3250 quas
995 3185 1026 3235 c:
1046 3197 1131 3249 quam

58 3252 81 3301 Δ
104 3253 109 3317 Ι
133 3265 261 3318 unquam
284 3254 316 3303 0:
339 3266 482 3317 nunquam
508 3254 526 3303 5
550 3266 567 3301 a
589 3251 599 3318 Ι]
623 3254 656 3303 61
672 3254 744 3319 pato
767 3266 925 3320 superarem
948 3252 958 3320 ΙΙ
981 3256 1014 3305 62
1033 3251 1130 3305 ludum

59 3320 166 3375 Marici.
190 3322 201 3389 l
223 3324 259 3374 04
277 3320 333 3374 uda
352 3324 370 3375 5
386 3338 415 3373 a:
439 3319 516 3374 nuda
532 3321 577 3374 ael
594 3320 671 3374 unda
684 3323 702 3371 0
715 3322 725 3389 ΙΙ
739 3326 773 3375 55
793 3337 894 3391 campo
914 3322 1034 3377 Marti.-
1056 3321 1132 3377 fossa

59 3395 76 3440 0
98 3409 116 3444 ι
139 3391 226 3461 gleba
246 3390 447 3457 Bactranorum
465 3391 557 3459 poesie
579 3391 685 3445 harena
702 3391 712 3460 l
730 3396 763 3445 56
788 3392 818 3445 et
836 3397 854 3443 0
872 3409 901 3446 ar
925 3392 972 3447 hic
991 3392 1050 3449 edd.
1068 3394 1078 3462 l
1096 3397 1129 3445 55

58 3463 86 3515 te
105 3462 222 3531 compsi:
240 3460 294 3517 tibi
313 3467 331 3512 0
349 3461 522 3532 alligarem
541 3466 607 3514 0οε
626 3461 750 3515 dicarem
768 3461 851 3515 Dora.
883 3456 885 3469 '
