2517 3925
129 202 197 268 108¹
496 204 527 259 P.
545 202 686 259 PAPINII
704 203 826 260 STATII

128 351 237 415 Torua
259 346 410 415 Cleonaei
429 348 507 413 iuba
530 348 652 434 sideris,
675 370 754 414 exue
773 345 862 415 ‘curis

128 439 245 504 Pectus
268 439 302 501 et
325 436 455 501 assiduo
478 439 579 502 temet
596 438 705 502 furare
728 438 841 504 labori.
923 447 926 452 ’

129 527 176 593 Et
199 529 309 606 sontes
333 525 439 607 operit
460 524 631 609 pharetras
650 547 824 611 arcumque
842 527 985 593 retendit

128 614 278 699 Parthus,
302 615 335 679 et
357 613 446 678 Eleis
470 614 584 699 curiga
606 614 774 680 laboribus
798 620 887 681 actos

128 704 256 788 Alpheo
279 703 459 786 permulcet
481 723 590 789 equos,
613 706 647 767 et
668 707 781 768 nostra
803 703 935 769 fatescit

129 792 334 875 Laxaturque
357 789 483 874 chelys:
506 791 597 856 uires
615 791 754 876 instigat
776 792 898 876 alitque

129 881 338 965 Tempestiua
360 879 466 964 quies!
503 881 607 944 maior
629 884 706 964 poet
725 879 793 945 otia
814 881 932 946 uirtus!

129 969 219 1053 Talis
242 971 374 1033 cantata
395 966 542 1037 Briseide
564 967 657 1032 uenit
678 967 823 1036 Achilles

129 1058 245 1124 Aerior
267 1061 301 1121 et
322 1057 437 1141 positis
461 1057 570 1141 erupit
590 1057 626 1120 in
649 1055 792 1123 Hectora
814 1057 955 1141 plectris.

130 1147 175 1211 Te
199 1166 326 1230 quoque
348 1144 529 1210 flammabit
550 1145 649 1209 tacite
672 1145 811 1229 repetita
833 1166 1006 1231 parumper

130 1233 264 1302 Desidia
286 1237 319 1297 et
342 1232 456 1298 solitos
479 1255 585 1298 nouus
608 1233 767 1301 exultabis
790 1235 825 1298 in
848 1238 948 1299 aetus.

130 1321 329 1397 Carteiam.
337 1320 451 1385 Latiae
472 1342 540 1386 non
563 1320 701 1387 miscent
722 1322 829 1408 iurgia
850 1323 950 1408 leges,

129 1412 175 1478 Et
196 1430 309 1494 pacem
331 1410 425 1494 piger
447 1431 550 1474 annue
571 1409 673 1476 habet
658 1414 888 1498 tmessesque
910 1427 1061 1476 reuersae

130 1499 290 1565 Dimisere
312 1497 430 1563 iorum.
474 1517 535 1562 nec
557 1499 623 1563 iam
646 1462 706 1566 tibi
730 1500 826 1565 turba
848 1521 975 1567 reorum

130 1583 302 1653 Uestibulo
321 1586 508 1689 querulique
530 1590 651 1673 rogant
674 1587 761 1653 exire
783 1589 927 1653 clientes.

131 1675 247 1742 Cessat
232 1671 398 1740 toenieni
420 1675 617 1740 moderatrix
639 1676 753 1741 iudicis
775 1675 883 1760 hasta,

132 1765 203 1840 Qua
224 1764 286 1829 tibi
308 1763 471 1828 sublimi
460 1785 527 1829 uam
549 1787 636 1829 nune
655 1765 863 1830 celeberrima
885 1764 972 1829 fama

2 1860 4 1863 ’
130 1852 271 1938 Eminet,
247 1852 359 1917 tet
348 1852 476 1917 ruuenis
498 1853 651 1918 facundie
673 1853 828 1938 praeterit
850 1871 964 1918 annos.

130 1941 222 2008 Felix
244 1961 402 2026 curarum,
426 1941 477 2007 cui
498 1964 566 2007 non
587 1877 759 2009 Helicponia
782 1941 870 2008 cordi

132 2031 225 2097 Serta
247 2052 308 2096 neo
329 2029 468 2095 inbelles
489 2026 629 2095 Parnasi
650 2050 667 2096 e
690 2032 811 2097 uertice
832 2032 954 2115 laurus,

132 2120 195 2186 Sed
217 2118 339 2205 uiget
329 2120 498 2204 rngenium
521 2124 555 2184 et
575 2135 713 2223 magnos
738 2120 931 2185 accinctus
921 2140 956 2183 ιιι
978 2137 1056 2183 usus

131 2208 210 2273 Fert
232 2207 361 2271 animus
384 2226 602 2292 quascumque
624 2209 728 2273 uices:
751 2226 854 2274 noso
835 2208 903 2274 otia
924 2208 1012 2273 uitae

133 2296 283 2362 Solamur
305 2298 403 2362 cantu
425 2300 625 2381 nentosaque
649 2296 767 2382 gaudia
790 2297 897 2362 lamae
1166 2310 1203 2359 50

134 2384 335 2462 Quaerimus.
381 2406 422 2449 en
445 2389 574 2471 egomet
597 2404 785 2451 somnume
787 2384 952 2471 tgeniale
975 2386 1104 2449 secutus

132 2474 235 2558 Litus,
257 2472 314 2537 ubi
337 2471 485 2539 Ausonio
509 2495 544 2538 se
567 2473 713 2539 condidit
734 2473 867 2558 hospita
889 2476 986 2557 portu

132 2561 347 2647 Parthenope,
368 2565 482 2628 tenues
504 2563 625 2648 ignauo
648 2562 765 2646 pollice
788 2561 924 2627 chordas

132 2650 231 2716 Pulso
254 2649 463 2736 Maroneique
487 2650 600 2715 sedens
623 2651 658 2715 in
681 2651 828 2736 margine
850 2649 965 2733 templi

133 2738 233 2805 Sumo
257 2737 403 2803 animum
425 2742 460 2803 et
481 2740 593 2824 magni
614 2740 749 2804 tumulis
773 2738 911 2804 adcanto
934 2738 1096 2824 magistri:
1167 2752 1203 2801 55

134 2826 181 2891 At
203 2831 250 2912 tu,
273 2828 301 2891 si
323 2828 415 2912 longi
438 2843 566 2893 cursum
589 2828 681 2895 dabit
703 2827 846 2912 Atropos
870 2827 942 2892 aeui

134 2914 275 3002 (Detque
298 2914 447 3004 precorl)
471 2914 619 3001 Latiique
644 2916 734 2982 ducis
760 2918 788 2981 si
810 2917 944 2981 numina
966 2917 1111 3001 pergent,

205 3254 239 3303 30
258 3248 351 3318 aperit
368 3253 386 3300 0
403 3266 435 3315 a,
456 3263 525 3304 corr.
546 3252 564 3303 ς
586 3250 597 3318 l
619 3254 651 3302 31
673 3248 755 3303 Eleos
782 3248 887 3303 Marici
910 3250 1051 3373 pssip
995 3247 1031 3302 Al
1032 3247 1121 3320 pheos
1140 3253 1158 3299 0
1178 3266 1207 3318 a,

133 3336 202 3376 corr.
222 3322 321 3389 glut
339 3318 455 3387 plectris
474 3322 495 3373 ς
512 3336 541 3373 a:
559 3319 684 3388 postire
730 3324 763 3373 37
782 3320 877 3375 malim
894 3318 1007 3404 pacide
1020 3320 1030 3389 [Ι
1043 3322 1077 3371 38
1096 3290 1207 3373 solidos

134 3396 190 3458 σι,
209 3407 278 3446 corr
290 3391 380 3459 §1142
398 3391 505 3459 negant
512 3386 697 3445 Bwnmnnus
732 3394 767 3443 48
785 3390 905 3445 malim
895 3408 926 3444 ιιι
942 3392 1021 3445 aetus
1035 3390 1045 3459 ΙΙ
1058 3393 1092 3442 49
1111 3390 1208 3461 uitae]

134 3432 198 3515 miti
217 3459 323 3515 Marti.
337 3461 395 3528 {lbi
414 3460 490 3513 si-
509 3463 629 3531 pergent
649 3460 769 3516 Morbi..-
787 3461 880 3516 sic-
844 3462 1021 3530 -pergant
1036 3464 1095 3512 Λα
