2517 3925
459 219 647 275 SILUARUM
666 220 697 276 L.
716 221 763 289 IV,
783 227 807 278 2.

42 377 45 383 '
105 363 297 450 Alcinoique
321 364 419 450 dapes
442 387 596 432 mansuro
619 367 761 431 carmine
784 367 947 432 monstrat

105 453 256 539 Aequore
279 455 335 539 qui
357 454 460 518 multo
482 454 632 518 reducem
655 455 857 539 consumpsit
878 454 1021 522 Ulixem:

104 542 169 608 Ast
191 563 261 628 ego,
284 543 336 608 cui
360 563 469 607 sacrae
497 539 617 609 Caesar
643 565 731 609 noua
756 543 875 628 gaudia
898 565 995 609 cenae
1156 563 1172 612 o
1235 617 1241 626 ,

103 629 201 696 Nune
223 632 364 715 primum
387 631 581 716 obminaque
604 631 694 696 dedit
716 632 927 698 concumbere
949 655 1070 719 mensa,

104 719 177 797 Qua
200 721 358 786 celebrem
380 741 455 785 mea
476 724 556 784 uota
577 721 658 804 lyra,
682 742 763 805 quas
787 721 911 786 soluere
935 727 1043 807 grates

104 806 294 873 Sufficiam?
316 829 392 893 non,
416 809 445 873 si
466 808 589 892 pariter
611 809 692 874 mihi
715 810 836 874 uertice
853 809 940 874 laeto

101 895 224 962 Nectat
246 897 398 963 adoratas
420 901 455 961 ct
477 893 614 980 Smyrna
638 901 670 961 et
692 896 828 962 Mantua
850 898 968 983 lauros,

102 985 214 1070 Digna
236 986 359 1070 loquar.
406 985 521 1050 mediis
542 985 658 1051 uideor
680 986 881 1051 discumbere
903 987 937 1051 in
960 989 1055 1053 astris
1138 1006 1172 1055 10

102 1071 186 1139 Cum
209 1073 288 1140 Ioue
311 1077 345 1139 et
366 1072 468 1140 lliaca
489 1078 675 1157 porrectum
698 1096 823 1140 sumere
846 1075 959 1140 dextra

99 1161 281 1227 Inmortale
303 1164 441 1227 merum!
466 1163 591 1228 steriles
614 1164 855 1228 transmisimus
880 1185 998 1230 annos:

81 1250 193 1316 ‘Haec
217 1251 289 1316 aeui
311 1251 393 1316 mihi
416 1251 522 1335 prima
544 1251 622 1337 dies,
645 1252 725 1317 haec
747 1252 862 1317 limina
884 1253 981 1319 uitae.

101 1339 192 1404 Tene
216 1359 285 1424 ego,
308 1344 462 1425 regnator
485 1344 645 1404 terrarum
665 1341 816 1425 orbisque
832 1341 958 1408 subacti

100 1427 223 1513 Magne
245 1450 373 1513 parens,
396 1432 439 1512 te,
461 1450 535 1512 spes
557 1428 736 1514 hominurn,
758 1433 799 1514 te,
823 1452 899 1494 cura
922 1430 1069 1516 deomm,
1138 1448 1171 1496 15

100 1515 208 1582 Cerno
231 1516 362 1582 iacens?
383 1517 480 1581 datur
501 1517 583 1582 haec
605 1518 705 1602 iuxta,
728 1518 824 1583 datur
846 1540 904 1583 ora
927 1520 1011 1584 tueri

98 1605 191 1670 Uina
214 1606 301 1670 inber
322 1627 523 1690 mensasque,
547 1610 579 1671 et
601 1628 669 1672 non
692 1627 861 1692 assurgere
884 1607 934 1672 fas
959 1607 1031 1673 est?

99 1693 235 1758 Tectum
260 1698 442 1780 augustum,
463 1696 589 1779 ingens,
611 1717 680 1760 non
702 1699 830 1760 centum
853 1697 981 1780 insigne
1003 1698 1171 1774 columnis,

99 1781 165 1848 Sed
188 1786 329 1867 quantae
352 1804 485 1867 superos
509 1785 696 1868 caelumque
719 1783 856 1848 Atlante
879 1784 1014 1849 remisso

99 1870 292 1936 Sustentarc
314 1875 443 1955 queant.
487 1875 598 1955 stupet
619 1873 683 1938 hoc
706 1873 813 1938 uicina
835 1871 993 1938 Tonantis
1135 1889 1169 1938 20

98 1959 216 2046 Regia,
238 1964 333 2045 teque
355 1961 428 2045 pari
450 1961 615 2027 laetantur
639 1961 712 2027 sede
734 1961 876 2027 locatum

98 2048 253 2134 Numina,
275 2071 317 2113 nc
340 2070 495 2134 magnum
518 2072 671 2135 properes
694 2049 868 2115 escendere
889 2052 1026 2116 caelum:

98 2138 206 2203 Tanta
227 2141 319 2221 patet
341 2139 444 2204 moles
468 2139 649 2224 effusaeque
671 2140 812 2224 impetus
837 2140 928 2204 aulae

97 2226 250 2291 Liberior
273 2248 387 2311 campo
409 2228 610 2313 multumque
635 2229 801 2311 amplexus
826 2230 931 2313 aperti

97 2315 261 2380 Aetheros
284 2320 317 2379 ct
339 2318 468 2380 tantum
490 2317 621 2382 domino
645 2318 766 2400 minor3
789 2318 844 2381 ille
868 2320 999 2401 penates
1133 2334 1168 2383 ao

97 2404 220 2487 Implet
243 2407 276 2467 et
297 2403 424 2489 ingenti
447 2405 542 2488 genio
565 2406 665 2470 iuuat.
711 2406 856 2469 aemulus
880 2405 946 2469 illic

97 2491 195 2557 Mons
218 2491 320 2575 Libys
343 2491 525 2576 Iliacusque
548 2494 641 2577 nitet,
662 2494 713 2558 bie
735 2493 838 2558 multa
861 2492 967 2577 Syene

96 2581 141 2646 ut
166 2578 266 2647 Chios
289 2583 323 2645 et
345 2581 479 2665 glaucae
501 2582 658 2646 certantia
681 2581 796 2647 Doridi
819 2604 897 2645 saxa

97 2668 254 2753 Lunaque
276 2668 445 2753 portandis
468 2674 599 2733 tantum
621 2671 756 2735 suffecta
779 2670 947 2735 columnis.

97 2756 213 2843 Longa
237 2779 334 2842 supra
357 2760 493 2843 speeies:
517 2758 613 2823 fessis
636 2759 691 2823 uix
715 2758 856 2824 culmina
878 2758 1017 2843 prendas
1133 2777 1166 2826 ao

169 3043 186 3090 4
210 3038 299 3093 multo
322 3043 352 3091 c:
376 3039 453 3093 lento
476 3056 494 3090 a
510 3040 555 3107 116
578 3038 762 3093 concumbere
784 3039 898 3107 suebat:
922 3056 1089 3110 consurgere
1114 3045 1167 3092 ca

97 3126 153 3163 non
172 3126 290 3192 ‘surgere
314 3110 358 3163 acl
379 3108 525 3163 considere
550 3109 655 3165 Murlrl.
674 3111 684 3179 ΙΙ
702 3114 718 3163 9
737 3109 867 3165 adoratas
887 3115 917 3164 ςι
937 3110 1068 3165 odoratas
1087 3116 1105 3162 0
1122 3129 1140 3163 c
1157 3110 1167 3182 (l

98 3186 131 3233 13
149 3180 197 3234 lnc
215 3179 315 3233 hmma
332 3184 350 3231 0
368 3198 397 3245 a,
415 3194 485 3236 corr.
506 3185 524 3233 ς
546 3183 557 3249 11
580 3186 614 3234 22
633 3196 685 3235 nec
712 3186 730 3232 0
757 3198 774 3232 a
799 3184 802 3249 Ι
828 3181 976 3236 escendere
994 3181 1164 3237 aronam
1252 3216 1253 3219 =

98 3250 230 3305 excedere
254 3255 272 3302 0
294 3268 311 3302 a
332 3251 342 3319 ΙΙ
365 3257 400 3303 24
422 3266 523 3319 campo
546 3255 580 3310 A:
604 3251 697 3319 campi
716 3256 733 3303 0
759 3252 843 3321 spatii
863 3252 968 3306 Marti.
994 3254 998 3319 Ι
1024 3253 1114 3321 aperti
1134 3259 1163 3307 ςε

98 3320 886 3391 opertiacflavnitet...multaa*ccameiqao
905 3324 1035 3389 laeuam
1059 3323 1164 3379 hictu·
1248 3340 1253 3351 ι

97 3394 179 3447 serui.
197 3393 257 3447 iam
275 3397 293 3446 ς
312 3393 422 3447 uddamt
439 3394 469 3447 et
486 3392 566 3449 Dora,
590 3395 600 3462 u
622 3398 657 3447 28
676 3386 753 3447 chios
773 3398 792 3446 ς
810 3410 838 3445 a:
865 3392 934 3445 duos
953 3397 971 3443 0
996 3396 1000 3459 Ι
1024 3394 1165 3465 glauces

97 3462 198 3531 glauce
216 3469 246 3516 c:
265 3464 367 3533 glauca
384 3463 463 3519 Dom.
481 3466 487 3532 Ι
502 3462 601 3518 Doridi
620 3464 793 3517 Politianac:
816 3460 919 3514 Doride
936 3465 960 3512 Δ
978 3467 996 3513 0

914 3545 951 3598 7*
