2517 3925
441 220 628 277 SILUARUM
646 222 677 279 ι.
696 224 719 292 1,
737 229 762 278 ι.
1095 228 1137 291 ιι

74 368 204 452 lamque
227 386 346 449 parens
369 364 491 449 Latius,
514 367 606 431 cuius
628 388 839 470 praenpscere
864 373 1006 435 mentem

74 456 134 521 Fas
156 455 248 539 mihi,
270 474 450 538 purpureos
473 454 638 521 habitus'
627 457 800 541 iuuenique
822 458 933 522 curule

72 543 261 630 indulgebit
282 543 363 607 ebur
384 540 555 627 Dacasque
578 542 633 629 (ea
654 545 758 629 gloria
778 544 899 632 maior)
1088 562 1141 615 180

73 633 217 697 Exuuias
240 631 414 733 laurosque
437 631 529 695 dabit
551 632 712 697 celebrare
733 638 891 699 recentes.

71 720 160 806 Ergo
184 740 255 805 age,
278 720 377 805 iunge
400 722 491 785 toros
514 724 611 805 atque
634 723 703 786 otia
723 722 816 787 deme
837 724 997 788 iuuentae.

73 808 160 885 Quas
183 829 245 894 ego
268 830 336 874 non
359 812 481 893 gentes,
503 830 585 894 quae
607 831 676 875 non
696 810 768 875 face
789 810 887 875 corda
908 810 1041 897 lugani?

73 898 221 962 Alituum
243 896 465 981 pecudumque
487 897 569 961 mihi
591 898 727 999 durique
749 898 892 963 ferarum
936 923 941 927 ·

72 985 147 1051 Non
169 1006 305 1051 renuere
328 1005 458 1071 greges3
480 986 587 1068 ipsum
610 986 646 1049 ιιι
668 987 808 1052 conubia
827 991 934 1052 terrae
1087 1002 1138 1053 ιιι

71 1074 225 1157 Aethera,
248 1096 320 1139 cum
343 1074 462 1158 pluuiis
484 1079 654 1139 rarescunt
674 1075 796 1158 nubila,
818 1075 920 1140 soluo.

72 1161 123 1229 Sic
147 1185 256 1228 rerum
280 1163 378 1227 series
400 1161 575 1246 mundique
600 1163 774 1228 reuertitur
796 1167 895 1228 aetas.

73 1249 166 1317 Unde
190 1272 313 1317 nouum
336 1250 454 1315 Troiae
476 1251 572 1315 decus
595 1252 828 1336 ardentumque
850 1252 985 1318 deorum

71 1340 259 1425 Raptorem,
280 1339 425 1425 PhrygIo
447 1339 564 1403 sinon
587 1360 648 1424 ego
670 1342 782 1405 iuncta
799 1342 926 1426 marito,

74 1428 193 1512 Lydius
217 1428 302 1494 unde
325 1450 414 1493 meos
436 1428 588 1492 iterasset
610 1428 752 1512 Thybris
774 1428 887 1495 Iulos?
1088 1446 1140 1498 190

74 1516 150 1592 Quis
174 1517 449 1603 septemgeminae
471 1517 637 1601 posuisset
657 1518 786 1583 moenia
803 1517 928 1583 Romae
963 1538 968 1545 ’

73 1605 204 1689 Imperii
226 1605 351 1670 Latiale
374 1608 479 1689 caput,
501 1604 537 1669 ni
559 1604 714 1670 Dardana
735 1606 825 1671 furto

75 1692 221 1779 Oepisset
241 1692 390 1778 Martem,
411 1714 471 1757 nec
492 1714 545 1757 me
567 1693 770 1778 prohibente,
791 1694 979 1760 sacerdos‘l'

74 1782 132 1847 His
155 1783 279 1847 mulcet
300 1782 394 1847 dictis
416 1782 581 1867 tacitoque
603 1783 744 1867 inspirat
763 1782 888 1847 honore

75 1869 221 1935 Conubii.
265 1870 402 1935 redeunt
424 1870 533 1937 animo
555 1870 621 1935 ism
644 1870 731 1935 dona
752 1892 925 1955 precesque
1088 1886 1138 1936 195

73 1957 115 2024 Et
137 1960 291 2025 lacrimae
314 1958 493 2044 uigilesque
516 1958 579 2023 uiri
601 1979 703 2044 prope
725 1960 838 2024 limina
861 1961 1006 2044 questus,

73 2048 199 2114 Asteris
223 2051 256 2113 et
277 2048 362 2112 uatis
385 2051 489 2113 totam
512 2051 644 2113 cantata
657 2069 723 2132 ⁴per
745 2048 869 2132 urbem,

73 2137 197 2203 Asteris
222 2140 298 2202 ante
321 2136 430 2220 dapes,
452 2139 548 2201 nocte
571 2135 707 2220 Asteris,
728 2135 855 2202 Asteris
878 2140 962 2221 ortu,

75 2224 237 2301 Quantum
259 2245 328 2290 non
350 2225 508 2290 clamatus
529 2223 644 2309 Hylas.
687 2225 816 2310 iamque
838 2246 954 2311 aspera
975 2227 1083 2311 coepit

73 2313 216 2379 Flectere
240 2313 337 2378 corda
359 2313 464 2378 libens
489 2316 521 2377 et
542 2313 607 2376 iam
631 2314 694 2378 sibi
716 2313 797 2378 dura
815 2314 926 2378 uideri.
1088 2330 1140 2380 200

73 2401 179 2468 Macte
201 2403 293 2488 toris,
315 2401 425 2468 Latios
448 2402 534 2466 inter
555 2401 772 2485 placidissime
789 2406 891 2487 uates,

75 2490 166 2567 Quod
190 2491 306 2556 durum
328 2511 518 2574 permensus
541 2491 603 2554 iter
626 2491 785 2575 certisque
809 2491 867 2555 sub
892 2491 965 2556 oris

74 2577 234 2644 Prondisti
256 2582 379 2664 portus.
423 2579 545 2643 nitidae
574 2579 620 2643 sic
642 2580 813 2664 mausfugs
834 2578 928 2644 Pisae

75 2666 249 2732 Amnisin
272 2671 423 2734 externos
446 2669 542 2753 longe
565 2667 750 2732 flammatus
773 2689 899 2732 amores

75 2743 224 2820 Flumina
247 2755 393 2822 demerso
415 2756 519 2820 trahit
540 2756 733 2820 intemerata
756 2757 873 2839 canali,
1089 2769 1140 2820 205

143 3061 196 3110 180
216 3054 355 3123 dacaeque
374 3056 403 3108 et
421 3053 511 3124 gloria
529 3059 591 3122 Δο,
611 3054 725 3109 correxi
746 3069 781 3107 on
794 3052 952 3134 Handiuell
966 3059 1016 3107 183
1033 3053 1141 3106 mentes

76 3072 413 3208 Hciasiualiugalica‚
432 3141 500 3179 corr.
520 3097 600 3179 Doni.
611 3124 825 3208 llttnnieqo:
846 3123 1142 3192 demissum

77 3196 183 3277 tacitoq
183 3195 256 3251 uei.
274 3197 409 3251 honorem
429 3201 446 3246 c
464 3214 489 3264 a,
510 3197 624 3250 correxi.
648 3195 823 3263 tacitumque
841 3200 866 3249 et
883 3211 1008 3250 amorem
1026 3199 1045 3248 ς
1062 3195 1073 3261 ΙΙ
1094 3199 1142 3247 195

76 3267 130 3322 iam
148 3270 219 3322 uota
238 3267 343 3322 Morti.
358 3268 368 3336 ΙΙ
382 3271 433 3320 201
452 3265 637 3336 placitissime
655 3265 847 3335 Sclcrudcrasl
861 3272 912 3320 ιιι
933 3263 1072 3332 certisque
1090 3263 1142 3317 sub

76 3339 128 3464 {tl
148 3339 264 3465 {llil}
284 3339 340 3464 tt
343 3338 459 3464 titt
479 3337 583 3476 ιιι
605 3281 1142 3472 t0tt⁰tt⁰tt⁰ttt5tl⁰ltl

74 3479 178 3534 incerta
195 3479 507 3550 sintl1204AmnisS:
526 3479 623 3533 Annus
642 3484 659 3529 0
678 3495 695 3529 a

126 3569 289 3610 Surusmu
911 3565 929 3612 2
