2517 3925
133 213 177 279 30
476 221 507 277 P.
527 220 666 276 PAPINII
684 219 805 275 STATII

135 364 207 430 ‘Ille
226 385 285 451 ego
306 364 398 449 (quid
416 363 605 451 trepidas‘l),
624 365 771 449 genitum
789 386 885 449 quem
904 364 1031 429 caerula
1045 367 1160 428 mater

134 453 251 519 Peneis
276 455 366 519 silvis
389 454 583 537 nivibusque
606 453 744 517 immisit
766 454 918 518 alendum
1097 467 1157 518 651

134 541 339 607 Thessalicis.
366 540 436 608 Nec
460 564 520 627 ego
543 542 604 606 hos
628 542 735 606 cultus
758 546 815 606 aut
836 543 932 607 foeda
954 542 1116 607 subissem

133 630 305 716 Tegmina,
327 632 362 695 ni
384 632 490 715 primo
513 635 545 717 te
568 630 640 695 visa
662 631 697 695 in
720 630 830 696 litore:
853 632 936 695 cassi

133 718 179 782 Te
202 723 350 804 propter,
373 721 435 786 tibi
457 742 559 804 pensa
582 741 697 804 manu,
719 719 782 784 tibi
805 720 918 783 mollia
942 723 1038 805 gesto

134 806 312 893 Tympana.
349 808 432 883 Quid
447 808 544 873 defles
559 828 681 893 magno
700 829 799 872 nurus
818 807 930 872 addita
946 808 1071 891 ponto?
1095 824 1153 874 655

133 894 218 970 Quid
242 898 520 983 gemis'ingentes
544 897 635 961 caelo
657 896 804 978 paritura
825 896 992 980 nepotesl·

133 981 196 1049 Sed
219 990 313 1070 pater
334 1008 392 1047 -ε
416 988 492 1050 ante
515 984 587 1069 igni
609 985 759 1069 ferroque
783 985 891 1049 excisa
913 985 1034 1050 iacebit

134 1071 253 1157 Scyros
277 1077 311 1137 et
334 1074 369 1137 in
391 1073 531 1138 tumidas
555 1073 651 1137 ibunt
673 1073 754 1137 haec
777 1095 872 1138 versa
894 1073 1056 1157 procellas

132 1160 274 1246 Moenia,
298 1184 396 1246 quam
420 1184 517 1226 saevo
540 1182 613 1225 mea
635 1165 673 1225 tu
695 1161 834 1227 conubia
855 1161 978 1245 pendas

131 1248 270 1314 Funere:
293 1272 361 1315 uon
384 1250 465 1314 adeo
488 1250 675 1333 parebimus
699 1250 809 1314 omnia
832 1249 953 1314 matri?
1097 1268 1153 1317 660

134 1338 249 1417 [Vada
271 1339 325 1403 ced
345 1342 481 1419 ereptum
504 1338 578 1402 oeus
601 1343 759 1419 taceasque
774 1335 946 1424 pudorem]

222 1424 391 1509 Obstipuit
413 1426 514 1489 tantis
537 1426 651 1510 regina
674 1426 829 1490 exterrita
851 1427 1019 1510 monstris,

132 1512 335 1599 Quamquam
359 1514 437 1579 olim
461 1518 611 1598 suspecta
634 1515 714 1579 fides
738 1518 771 1578 et
794 1516 972 1579 comminus
996 1515 1104 1599 ipsum

131 1602 269 1668 Horruit
293 1606 326 1667 et
347 1602 447 1667 facies
471 1603 610 1667 multum
633 1607 762 1667 mutata
783 1604 926 1667 fatentis.

132 1690 217 1765 Quid
239 1691 361 1756 faciat?
385 1712 522 1756 casusne
546 1713 622 1756 suos
645 1691 730 1756 ferat
753 1692 825 1774 ipsa
847 1692 999 1775 parenti?
1096 1708 1151 1758 665

132 1776 236 1863 Seque
260 1779 357 1844 simul
380 1780 591 1864 iuvenemque
613 1784 755 1864 premat,
777 1780 927 1844 fortassis
951 1782 1084 1845 acerbas

130 1866 319 1933 Hausurum
340 1868 484 1951 poenas?
530 1867 575 1933 Et
598 1868 703 1933 adhuc
725 1869 760 1931 in
781 1869 877 1933 eorde
900 1869 1055 1935 manebat

129 1953 189 2020 Ille
213 1957 267 2021 diu
290 1957 443 2041 deceptus
467 1979 573 2022 amor:
592 1958 668 2022 silet
691 1978 789 2042 aegra
810 1957 993 2042 premitque

129 2043 200 2108 Iam
224 2067 393 2111 commune
416 2046 522 2129 nefas3
545 2069 645 2112 unam
666 2045 774 2130 placet
796 2045 914 2111 addere
934 2046 1034 2111 furtis

130 2132 289 2199 Altricem
312 2134 449 2218 sociam,
476 2135 626 2218 precibus
650 2155 733 2218 quae
754 2133 844 2199 victa
867 2135 1004 2199 duorum
1094 2151 1149 2201 670

129 2219 263 2287 Adnuit.
308 2222 373 2286 Illa
395 2227 470 2287 astu
492 2223 594 2287 tacito
617 2227 813 2307 raptumque
828 2224 993 2306 ‘pudorem

89 2314 93 2319 ’
131 2307 389 2394 Surgentemque
409 2314 537 2375 uterum
556 2315 654 2394 atqua
673 2314 787 2395 aegros
806 2311 1001 2395 inpendere
1019 2334 1148 2377 menses

130 2395 292 2481 Occuluit,
314 2398 421 2482 plenis
445 2400 546 2463 donec
570 2402 658 2463 stata
680 2402 831 2483 tempora
853 2400 948 2464 metis

129 2483 253 2550 Attulit
276 2489 309 2550 et
329 2489 444 2570 partus
466 2487 562 2551 index
584 2486 709 2552 Lucina
731 2488 874 2553 resolvit.

200 2719 253 2769 650
284 2713 412 2785 genitum
435 2720 505 2781 apl>
533 2714 703 2768 detruderes
725 2713 824 2784 genuit
851 2717 952 2784 (mill
975 2719 1025 2770 651
1045 2715 1147 2771 Peneis

128 2783 203 2837 Poll2
229 2783 433 2841 Paeneiouisl’
460 2785 578 2840 Peneios
596 2785 674 2840 Leid.
689 2801 736 2853 pr.
755 2803 790 2838 m.
817 2785 959 2852 Peneosp
987 2786 1091 2841 Pelleis
1119 2792 1145 2839 Η

128 2854 248 2909 Peliacis
267 2857 325 2913 edd.
358 2856 458 2910 Nescio
476 2857 705 2910 decutiendam
722 2856 759 2909 sit
776 2856 940 2911 Haemoniis
958 2858 1016 2911 coll.
1035 2873 1078 2911 oc.
1097 2863 1144 2914 98.

126 2927 195 2980 229.
213 2929 276 2980 476.
302 2931 359 2980 627
376 2943 413 2995 sq.
442 2927 473 2981 id
490 2927 563 2996 quod
581 2928 639 2980 cod.
662 2926 865 2996 Izieedeabropii
882 2928 988 2981 mittet
1008 2928 1020 2996 l
1042 2933 1094 2982 653
1113 2928 1145 2982 ni

128 2995 253 3065 eprimo
271 2997 300 3050 te
319 2997 380 3051 vias
398 3003 418 3050 P
430 2999 441 3066 ΙΙ
455 3003 506 3052 656
525 3014 619 3066 gemes
638 2998 746 3065 Plebi
766 2997 822 3052 Sed
836 3000 918 3067 pater
934 3029 971 3038 -
988 2997 1062 3052 Ante
1083 2998 1145 3068 igni

127 3067 258 3121 distinxit
271 3083 332 3120 cam
340 3067 460 3122 Burtltio
475 3069 607 3122 Mettius
618 3067 674 3121 Sed
688 3070 768 3138 pater
782 3071 848 3124 ante
862 3068 931 3138 igni,
941 3069 1070 3138 ferroque
1083 3071 1144 3124 edd.

132 3137 188 3192 Sed
211 3137 305 3207 patria
323 3142 344 3189 6
363 3138 442 3193 Leid.
457 3145 490 3193 at
506 3139 680 3194 contendito
693 3139 816 3194 censebat
828 3140 964 3195 Heinsius
976 3142 987 3209 {1
1001 3144 1052 3194 659
1071 3156 1142 3209 pen-

127 3208 177 3261 das
191 3209 413 3264 Suudstroemiuc
431 3226 492 3263 cam
510 3211 568 3264 cod.
579 3209 782 3280 Idndmbropii
799 3211 899 3280 perdas
917 3212 994 3280 Ml
1012 3216 1064 3265 661
1082 3227 1145 3265 ver·

126 3293 187 3332 cum
205 3281 338 3333 omittant
351 3279 459 3345 Pfl⁹p11
477 3279 556 3336 Leid.
569 3297 613 3348 pr.
628 3297 673 3347 m,
691 3283 772 3335 imae
789 3283 891 3336 inclusi
903 3284 914 3350 l
928 3288 978 3336 673
993 3280 1143 3350 plenisque
1250 3338 1251 3343 χ

126 3353 146 3399 1³
159 3350 169 3417 ΙΙ
183 3355 235 3403 674
251 3349 375 3404 Plurimi
388 3351 490 3404 codices
504 3355 584 3419 utque
597 3352 728 3405 editiones
737 3358 849 3420 praeter
865 3353 1143 3421 Liadeabropiauam

127 3422 152 3470 et
171 3417 340 3473 Oruceauam
357 3421 414 3486 fere
431 3435 520 3474 mnes
537 3422 587 3475 hoc
604 3437 684 3476 66666
702 3423 804 3476 libram
817 3425 941 3491 primum
958 3424 1076 3490 finiant,
1098 3439 1143 3477 co-

126 3487 199 3540 dices
229 3491 333 3542 acoieii
355 3496 435 3559 utque
459 3492 589 3546 editiones
616 3492 701 3547 Lind.
735 3498 761 3546 et
793 3492 871 3550 Grac.
905 3495 1005 3548 librum
1031 3495 1145 3547 tertiam
