2517 3925
444 222 682 280 SILUARUML.
699 222 735 292 V,
752 228 778 279 6

71 364 182 452 Seipio
207 368 254 434 sie
276 368 388 453 plenos
411 366 506 433 Latio
529 366 607 433 Ioue
631 368 745 434 ducere
769 390 901 435 somnos

72 452 224 521 Creditus
246 456 404 524 Ausoniis
427 462 461 527 et
482 478 550 523 non
574 452 645 523 sirie
667 457 820 542 Apolline
844 457 944 523 Sulla.

578 720 636 786 IV.

534 877 693 935 SOMNUS.

74 1020 218 1087 Crimine
241 1042 304 1107 quo
327 1021 440 1106 merui,
462 1022 589 1087 iuuenis
612 1021 832 1107 placidissime
855 1022 976 1108 diuum,

74 1110 186 1188 Quoue
211 1131 318 1176 errore
342 1110 450 1196 miser,
473 1110 567 1175 donis
590 1114 629 1175 ut
652 1112 739 1176 solus
763 1131 901 1197 agerem⁷
992 1163 996 1170 .

74 1197 202 1285 Somne,
225 1198 313 1263 tuis?
334 1202 423 1265 tacet
445 1220 540 1264 omne
546 1221 662 1352 tpeeus
684 1201 896 1302 uolucresque
918 1200 1069 1286 feraeque

72 1288 116 1353 Et
139 1250 298 1353 siniulant
319 1288 423 1353 fessos
446 1291 581 1353 curuata
604 1289 773 1353 eacumina
790 1309 932 1375 somnos,

72 1375 141 1442 Neo
164 1376 311 1441 trucibus
334 1374 442 1441 fluuiis
465 1376 552 1442 idem
576 1398 691 1462 sonus;
715 1378 833 1443 oceidit
854 1340 970 1445 horior
1128 1396 1147 1447 6

72 1464 246 1551 Aequoris,
269 1469 302 1530 et
323 1464 419 1531 terris
442 1466 546 1531 maria
569 1466 731 1531 acclinata
753 1466 932 1553 quieseunt.

74 1552 136 1639 Sep
123 1488 251 1619 qtima
241 1576 308 1620 1am
331 1553 458 1621 rediens
481 1552 612 1620 Phoebe
636 1554 717 1620 mihi
739 1554 873 1641 respioit
895 1576 1011 1641 aegras

73 1642 167 1709 Stare
191 1662 307 1729 genas3
329 1642 468 1710 totidem
491 1642 552 1709 Oet
537 1647 631 1708 taeae
652 1643 860 1728 Paphiaeque
882 1644 1032 1709 renident

72 1730 255 1818 Lampados
279 1735 313 1797 et
334 1732 456 1798 totiens
479 1736 556 1797 nost
557 1754 611 1797 ros
636 1730 791 1797 Tithonia
814 1735 946 1816 questus

72 1821 235 1887 Praeterit
258 1824 290 1886 et
313 1820 420 1906 gelido
442 1822 549 1907 parcit
570 1820 726 1885 miserata
748 1820 888 1906 flagello.
1111 1836 1146 1894 10

72 1908 167 1977 Unde
191 1921 251 1996 ego
276 1908 459 1975 sufficiam?
481 1927 548 1976 non
572 1912 652 1975 sunt
673 1908 755 1974 mihi
776 1908 901 1974 lumina
922 1908 1020 1990 mille,

73 1999 163 2077 Quae
188 2021 278 2065 sacer
301 1999 427 2064 alterna
449 2001 579 2064 tantum
603 1999 745 2064 statione
767 1998 901 2064 tenebat

72 2088 241 2174 Arguset
226 2087 351 2155 thaud
372 2109 526 2174 umquam
549 2087 710 2174 uigilabat
727 2107 861 2173 corpore
883 2090 1022 2153 t.oto·

7 2179 120 2242 At
142 2199 231 2243 nune
252 2175 321 2242 fors
331 2174 462 2262 aliquis
484 2178 585 2264 longa
608 2176 669 2243 sub
687 2178 782 2241 noete
804 2177 932 2262 puellae
1099 2245 1101 2248 ,

7 2265 215 2332 Brachia
236 2287 320 2332 nexa
342 2267 459 2330 tenens
482 2265 532 2330 ult
517 2267 569 2331 tro
592 2267 636 2351 te,
659 2263 788 2350 Somne,
811 2263 950 2350 repellit
1110 2280 1146 2332 ιι

71 2355 153 2420 Inde
176 2355 255 2421 ueni
276 2375 336 2420 neo
358 2356 462 2419 tet
410 2357 462 2420 tot
463 2375 499 2420 as
517 2316 689 2420 infundere
711 2374 836 2438 pennas

71 2442 268 2510 huminibus
292 2443 451 2528 oompello
473 2444 555 2508 meis
579 2439 654 2528 (hoe
676 2440 775 2508 turba
796 2444 947 2528 precetur

71 2529 235 2619 Laetior):
258 2535 401 2598 extremo
425 2551 476 2596 me
498 2535 598 2618 tange
622 2531 788 2598 cacumine
809 2531 923 2633 uirgae

74 2619 235 2708 (Sufficit)
258 2624 316 2688 aut
338 2619 455 2686 leuiter
478 2641 637 2704 suspenso
660 2619 783 2704 poplite
804 2619 920 2684 transi.

7 2735 9 2872 l
72 2837 289 2845 m..

7 2999 9 3038 ι
145 2993 200 3045 298
219 2989 421 3058 meditarer,
440 3005 508 3046 corr.
528 2989 752 3058 Hetaaiaslnee
768 3003 826 3042 non
845 2992 864 3038 6
882 3005 899 3040 a

145 3059 195 3116 lV.
220 3059 340 3117 Somnus
362 3065 386 3113 Δ
396 3007 440 3114 ⁸tl:
462 3060 508 3115 Ad
527 3059 661 3116 Somnum
679 3061 749 3129 668
771 3058 903 3114 renident
922 3058 1023 3127 scripsi
1045 3057 1063 3111 l.
1082 3057 1100 3111 6
1115 3071 1147 3138 p.

72 3135 149 3189 263
169 3131 295 3188 reuisent
317 3135 381 3184 At
404 3128 811 3212 reuisnntedd.fl100aroit
834 3129 1017 3184 86666663
1039 3126 1150 3198 spargit

72 3204 230 3274 osmugi
223 3199 402 3270 thietrich!
416 3202 635 3272 properatim.
753 3197 1147 3268 seraoelmihiaeeualll

7 3321 8 3334 ,
73 3276 141 3329 sunt
162 3274 356 3344 eruperit
380 3273 548 3342 6661116
567 3272 645 3338 Quae
663 3269 1147 3351 uaierHeenemafluEtlllorltl

75 3345 262 3416 lforsidem:
279 3343 835 3413 heardaheusfll'lpreoaturca,
854 3355 924 3396 oorr
939 3338 1150 3428 6619166666

72 3420 147 3472 Δοι
167 3415 290 3473 leuior&
