2517 3925
427 218 615 275 snunaun
633 219 665 274 n.
684 219 732 289 m,
751 225 777 274 a.
1099 219 1141 284 91

74 367 240 433 intactum
261 364 416 431 thalamis
440 369 474 430 et
496 365 601 430 adhuc
622 365 765 430 iuuenile
788 369 962 447 uagantem
1108 384 1141 433 25

75 454 197 540 Finisti,
220 459 278 520 tua
299 456 392 519 frena
415 453 520 519 libens
544 453 720 539 docilisque
743 455 862 539 recepi,

74 542 116 608 Et
138 546 241 609 semel
262 545 402 610 insertas
423 564 490 608 non
513 546 698 608 mutaturus
720 543 865 608 habenas

75 631 183 719 Usque
206 634 289 699 fero.
332 635 370 696 tu
392 653 443 696 me
466 631 578 696 nitidis
600 630 733 696 Albana
754 636 954 716 prementem

72 719 168 785 Dona
191 721 294 787 comis
317 725 492 805 sanctoque
514 719 667 786 indutum
689 718 838 785 Caesaris
861 743 939 786 auro

74 808 259 875 Uisceribus
284 809 452 894 complexa
473 810 539 874 tuis
561 810 720 894 sertisque
743 807 861 873 dedisti

75 897 189 963 Oscula
214 899 333 963 anhela
355 899 450 982 meis3
473 900 519 982 tu,
542 920 616 963 eum
640 895 803 982 Capitolia
825 902 955 964 nostrae

75 986 217 1052 Infitiata
240 990 340 1072 lyrae,
362 1008 496 1051 saeuum
518 987 749 1072 ingratumque
772 986 905 1052 dolebas

75 1075 198 1141 Mecum
222 1077 311 1141 uicta
333 1076 459 1160 Iouem3
481 1079 518 1139 tu
540 1076 765 1159 procurrentia
786 1075 900 1159 primis

77 1162 226 1230 Carmina
249 1168 362 1230 nostra
384 1165 483 1247 sonis,
505 1168 593 1229 totas
617 1165 695 1248 quin
718 1186 883 1229 murmura
905 1169 1015 1230 noctes

76 1252 158 1318 Aure
181 1254 272 1338 rapis
297 1254 402 1340 uigili3
425 1253 517 1340 longi
537 1256 575 1317 tu
599 1253 670 1317 sola
691 1253 813 1318 laboris

77 1339 219 1427 Conscia,
244 1364 381 1428 cumque
403 1342 469 1406 tuis
493 1342 595 1406 creuit
616 1363 690 1406 mea
712 1341 852 1406 Thebais
876 1344 978 1409 annis.

77 1429 207 1505 Qualem
230 1434 265 1496 te
286 1453 391 1516 nuper
415 1429 549 1516 Stygias
571 1451 673 1515 prope
695 1433 809 1515 raptus
834 1433 873 1497 ad
897 1433 1037 1516 umbras,

76 1516 152 1583 Cum
174 1521 242 1584 iam
265 1519 426 1585 Lethaeos
449 1519 594 1584 audirem
617 1517 797 1584 comminus
821 1543 945 1606 amnes,

76 1607 201 1693 Aspexi,
224 1609 381 1693 tenuique
404 1609 514 1673 oeulos
537 1608 602 1672 iam
626 1612 730 1672 morte
754 1610 913 1675 cadentes.

77 1694 199 1762 Scilicet
222 1697 375 1762 exhausti
396 1695 548 1762 lachesis
570 1695 652 1760 mihi
674 1700 822 1780 tempora
847 1698 909 1762 fati

78 1783 118 1848 Te
139 1789 269 1851 tantum
291 1786 446 1850 miserata
468 1784 563 1870 dedit,
586 1786 759 1868 superique
776 1789 927 1869 potentes

77 1871 232 1940 inuidiam
254 1874 392 1939 timuere
415 1878 514 1938 tuam.
559 1879 635 1959 post
657 1874 721 1938 ista
743 1875 960 1959 propinquum

78 1959 166 2029 Nunc
188 1966 254 2030 iter
276 1963 500 2048 optandosque
523 1964 613 2028 sinus
637 1982 744 2028 comes
768 1964 815 2028 ire
839 1964 999 2029 moraris?

79 2049 144 2115 Heu
167 2053 225 2118 ubi
249 2057 330 2118 nota
352 2052 431 2117 fides
454 2057 569 2136 totque
592 2053 760 2135 explorata
781 2072 839 2136 per
862 2075 949 2136 usus,

80 2138 143 2213 Qua
164 2146 291 2207 ueteres
313 2139 427 2205 Latias
450 2140 629 2225 Graiosque
652 2140 813 2205 Heroides
838 2146 978 2225 aequas?

78 2226 155 2293 Isset
177 2231 220 2295 ad
243 2230 359 2295 Iliacas
382 2227 476 2316 (quid
499 2231 585 2294 enim
607 2230 750 2295 deterret
772 2230 958 2317 amantesi)

79 2314 233 2403 Penelope
256 2319 371 2403 ganisa
393 2318 515 2402 domos,
539 2319 567 2383 si
589 2340 705 2402 passus
728 2318 853 2403 Ulixes,

80 2403 193 2479 Questa
217 2410 268 2472 est
288 2407 433 2493 Aegiale,
456 2412 573 2493 questa
595 2411 645 2472 est
666 2407 828 2474 Meliboea
851 2408 999 2494 relinqui,

80 2490 118 2557 llt
138 2517 335 2581 quamquam
357 2496 448 2561 saeui
470 2496 616 2561 feceruut
643 2497 801 2562 maenada
823 2497 980 2581 planctus.

81 2578 142 2647 Nec
163 2585 273 2650 minor
294 2584 346 2650 his
368 2588 406 2649 tu
427 2605 524 2649 nosse
546 2584 642 2649 fidem
664 2586 882 2670 inuictamque
906 2587 1031 2651 maritis
1106 2602 1140 2651 eo

69 2892 72 2902 ,
144 2853 177 2901 28
197 2849 256 2903 fero
275 2880 308 2888 —
327 2850 501 2918 prementem
518 2849 619 2917 scripsi
637 2850 654 2902 l.
675 2850 691 2903 i.
708 2865 738 2916 p.
753 2852 824 2904 258:
841 2864 940 2918 premo
956 2849 1141 2904 —terentem

84 2916 129 2978 (itu
149 2922 180 2988 A)
206 2925 224 2971 0
243 2938 260 2973 a
275 2921 280 2988 1
294 2921 327 2974 tu
347 2920 519 2975 Politioous:
537 2920 582 2973 ter
599 2925 622 2971 A
642 2921 730 2989 01129
750 2935 843 2973 comes
862 2925 879 2971 0
898 2938 922 2987 e,
944 2937 1013 2975 corr.
1032 2921 1113 2977 Dom.
1132 2920 1141 2992 11

85 2988 242 3045 redolebas
264 2992 360 3046 Dora:
382 2989 491 3045 doleres
513 2993 537 3042 A
560 2992 659 3060 01134
682 2992 757 3045 totas
781 2990 848 3058 quin
870 2992 928 3057 (uei
945 2993 1074 3061 totasque
1094 2994 1140 3059 en)

84 3072 216 3115 murmura
232 3063 333 3131 seipsi
351 3062 367 3115 i.
388 3062 420 3116 i„-
438 3063 570 3130 totasque
588 3061 619 3115 in
636 3076 778 3115 murmure
796 3066 814 3112 0
828 3080 846 3113 a
863 3065 1009 3131 motasque
1024 3064 1053 3116 in
1067 3079 1140 3115 mur·

83 3143 155 3184 mura
173 3148 257 3188 uoces
279 3132 415 3188 Heinsius
431 3134 442 3202 1
459 3138 492 3187 37
511 3148 599 3202 prope
617 3136 641 3185 A
660 3137 690 3185 c:
711 3132 795 3187 modo
815 3134 904 3202 ς1141
925 3132 1073 3203 superique
1092 3148 1141 3185 no-

85 3203 169 3278 esame
186 3202 321 3259 Heinsius
342 3206 353 3272 1
375 3210 410 3257 43
429 3203 623 3272 optandosque
641 3208 664 3254 A
683 3208 712 3255 c:
732 3204 898 3273 optatosque
917 3209 935 3258 ς
958 3206 968 3273 11
991 3208 1026 3256 44
1043 3200 1093 3256 ubi
1111 3208 1141 3255 c:

84 3268 130 3323 t1bi
150 3278 168 3326 ς
191 3293 208 3326 e
223 3276 234 3344 1
251 3280 285 3330 45
308 3273 459 3345 graiasque
481 3274 577 3329 Dora„-
599 3272 692 3343 graias
710 3278 728 3325 0
747 3292 764 3325 e
785 3276 795 3342 11
817 3280 851 3328 49
874 3274 912 3328 Et
934 3290 1020 3342 quam
1045 3274 1141 3340 (quam

86 3342 515 3413 numquamnumquam
538 3348 599 3401 tam
617 3344 696 3399 saeui
715 3344 833 3398 Graccus
860 3346 869 3413 11
897 3348 931 3397 50
949 3342 1141 3411 inuictamque

85 3412 185 3489 turiani:
206 3417 366 3485 uictumque
389 3423 419 3484 0,
444 3417 476 3471 ia
502 3419 525 3468 A
548 3416 607 3470 uict
629 3417 735 3470 litterae
758 3419 866 3468 teritum
890 3414 991 3482 dispici
1008 3418 1140 3481 pessaria

86 3483 216 3555 ullamque
231 3493 249 3545 ς
263 3488 428 3557 firmamque
439 3488 520 3543 Dora.
534 3489 681 3555 totamque
700 3484 834 3539 Heinsius
