2517 3925
420 231 592 289 altisonis
611 232 831 289 PRAEFATIO.
1125 254 1156 289 ιι

87 377 230 443 secunda
251 377 307 443 hic
329 376 395 441 illie
419 377 488 442 siue
515 378 550 441 in
573 380 666 442 textu
688 377 757 442 siue
787 378 823 443 iu
848 378 994 464 margine
1016 378 1164 445 restituit

86 467 245 533 lectiones
273 465 403 531 aliunde
430 466 564 549 petitas,
590 466 708 551 quibus
731 466 907 531 miraeum
930 466 1162 553 Rehdigerano

86 555 252 621 conuenit.
294 576 367 620 oum
389 552 532 619 Budensi
560 555 680 620 artiore
703 556 908 640 cognationis
931 556 1061 621 uinculo
1085 578 1160 621 con-

87 645 193 709 iuncti
217 646 350 709 suntet
372 641 616 726 Sulisbcrpensis
638 640 687 728 (et
707 642 761 707 hic
782 666 870 709 nunc
887 642 1163 728 Uindobonensis,

8 770 10 777 ·
84 731 221 810 ιιι.251
246 728 572 817 andilausaize
590 732 666 814 649,
687 731 744 797 sed
766 735 804 796 ut
825 731 968 797 Budensi
989 733 1087 817 longe
1109 754 1160 799 ce·

85 822 177 888 dant.
229 820 267 885 hi
299 823 355 885 aut
356 841 406 885 em
436 820 500 885 duo
530 819 622 904 libri,
651 782 915 923 Hehdigeranus
929 824 962 886 et
947 820 1163 906 tBudensis,

85 909 239 995 quamuis
263 908 431 991 deprauati
448 908 698 994 interpolatique
717 908 784 973 sint
801 909 862 973 et
852 908 926 993 ipsi,
944 913 1056 974 tamen
1075 912 1160 975 inter

84 1002 213 1063 ceteros
233 994 331 1061 Statii
348 997 473 1063 codices
493 997 610 1062 summi
630 1000 707 1061 sunt
724 997 830 1079 pretii.
861 998 1059 1082 reliquorum
1073 1000 1162 1063 enim

83 1087 194 1169 turba,
218 1106 413 1170 quamquam
437 1108 457 1149 a
478 1088 593 1151 neutro
612 1086 745 1151 illorum
762 1085 914 1170 pendent,
936 1086 1042 1171 magis
1060 1087 1160 1151 etiam

82 1175 211 1240 infecta
237 1176 288 1239 est
317 1175 523 1257 corruptione
551 1175 733 1259 omnigena.
777 1175 864 1239 inter
892 1197 974 1259 quos
1000 1174 1163 1240 referendi

88 1264 243 1330 Uaticani
266 1263 362 1346 3282,
385 1262 483 1346 3283,
506 1262 607 1345 3875;
634 1262 818 1346 Βῳιιιιιιι
842 1264 943 1349 1976;
972 1263 1161 1331 Ucllieellr'u·

82 1348 211 1435 ausi),
234 1350 290 1437 953
314 1352 543 1433 Neapolitanus
564 1311 615 1415 IH
636 1350 666 1415 Ε
689 1352 743 1417 48.
789 1350 926 1436 denique
948 1353 1056 1434 post
1045 1374 1160 1417 inuen-

82 1446 157 1505 tam
181 1402 290 1504 uitem
313 1440 584 1525 typographicam
612 1440 735 1505 ιιιιιιι
761 1444 839 1505 sunt
860 1440 1020 1506 Ιιιιᾱθιιιι
1042 1443 1076 1505 et
1097 1440 1163 1505 Pa-

83 1530 209 1595 risinus
236 1528 354 1612 aliique
380 1528 529 1593 nonnulli
557 1550 577 1592 a
605 1528 767 1611 prioribus
795 1528 916 1594 criticis
943 1521 1097 1607 adhibiti,
1123 1533 1162 1593 ut

82 1618 242 1701 Senensis,
265 1616 501 1699 capitulatus,
528 1614 748 1694 Florentinum
778 1618 833 1701 qui
856 1638 969 1682 omnes
992 1617 1161 1682 doctorum

82 1706 248 1772 Italorum
270 1706 462 1770 coniecturis
481 1707 607 1771 scatent
628 1725 733 1790 neque
755 1705 923 1790 proprium
944 1705 1068 1771 habent
1053 1708 1163 1791 t·pre

83 1796 169 1859 tium
188 1794 301 1859 ullum.
337 1814 413 1858 narn
433 1796 466 1859 et
488 1814 544 1859 eae
567 1815 647 1877 quas
669 1795 705 1857 in
722 1792 906 1867 Parisinum
924 1815 1040 1859 manus
1059 1794 1163 1859 altera

82 1884 200 1948 intulit
227 1882 382 1947 lectiones
410 1903 478 1947 non
505 1903 543 1947 ex
570 1884 700 1946 uetusto
729 1880 869 1967 quodam
897 1881 994 1965 libro,
1021 1884 1059 1945 ut
1080 1903 1161 1947 non-

83 1973 174 2038 nulli
192 1971 365 2056 putabant,
381 1972 505 2055 petitae
523 1975 608 2055 sunt,
632 1971 688 2035 sed
705 1970 826 2054 partim
845 1992 884 2034 ex
902 1970 1010 2036 codiee
1029 1971 1163 2036 meliore

84 2060 309 2145 Rehdigerani
333 2060 430 2124 simili
456 2061 578 2145 partim
602 2082 641 2124 ex
668 2058 756 2124 docti
778 2059 944 2125 cuiusdam
966 2080 1034 2124 non
1057 2059 1163 2144 inepti

85 2148 284 2215 coniecturis
302 2148 473 2214 fluxerunt.
486 2185 530 2196 —
548 2149 762 2234 plurimorum
780 2148 938 2214 librorum
961 2170 1060 2232 supra
1078 2171 1162 2215 oom-

82 2241 342 2302 memoratorum
360 2237 550 2303 collationes
568 2237 787 2322 inspiciendas
809 2237 1040 2302 humanissime
1063 2238 1163 2303 nobis

83 2326 249 2393 concessit
234 2324 315 2390 tA.
336 2325 506 2410 Imhofius3
532 2324 674 2390 Parisini
709 2329 743 2390 et
768 2324 978 2409 Neapolitani
1005 2325 1161 2392 lectiones

85 2439 122 2480 su
123 2412 363 2500 ppeditauitC.
377 2374 531 2480 Bursiahi
549 2414 789 2497 beneuolentia,
810 2414 885 2478 libri
897 2412 1059 2479 Budensis
1072 2415 1165 2481 locos

84 2503 265 2570 nonnullos
287 2493 504 2568 intercedente
522 2501 693 2568 Theodoro
716 2463 908 2586 Gorhperaio
929 2503 1049 2567 iterum
1066 2502 1165 2568 nobis
1206 2541 1214 2554 .

85 2592 292 2676 comparauit
318 2590 464 2657 Isidorus
487 2591 754 2676 Hilbergius.-—
708 2594 920 2656 -ceterum
947 2590 986 2655 cf
1009 2590 1048 2655 de
1076 2591 1163 2657 eodi-

85 2682 180 2746 cibus
212 2677 294 2744 Stat
270 2681 369 2744 tranis
403 2680 599 2745 disserentes
628 2679 668 2744 A
697 2678 899 2745 Imhofius
888 2701 924 2743 in
957 2679 1076 2745 libellis
1107 2678 1164 2744 de

86 2769 248 2834 siluarum
280 2765 415 2832 Statian.
449 2768 638 2833 condicione
667 2765 794 2833 critica'
823 2790 854 2851 p.
881 2766 925 2833 35
953 2789 1021 2853 sqq.
1048 2771 1081 2832 et
1110 2767 1164 2832 P.

84 2857 167 2941 Pap
156 2856 218 2920 mii
246 2853 341 2920 Stat'
304 2858 343 2921 tu
371 2857 513 2942 ecloga
507 2856 548 2922 ad
576 2853 728 2923 uxorem'
751 2878 783 2939 p.
804 2857 821 2919 l
847 2877 925 2940 sqq,
947 2854 989 2922 H.
1012 2854 1161 2967 Nohlius,

86 2947 215 3028 quaest.
191 2942 316 3009 ttSta
293 2947 369 3029 tp.
392 2931 533 3010 31-35.

181 3032 262 3098 Tres
291 3033 368 3097 illae
397 3033 543 3099 codicum
574 3033 718 3098 familiae
748 3031 971 3120 (Rehdig-
1001 3031 1162 3098 Budensis

88 3143 164 3186 oum
194 3121 394 3200 asseclis-
418 3123 616 3207 reliquorum
644 3119 755 3210 turba)
780 3143 847 3188 non
874 3143 935 3205 pro
959 3144 993 3188 se
1018 3142 1165 3206 quaeque

86 3233 127 3275 ex
157 3211 231 3293 ipso
260 3194 475 3296 Sangallensi,
506 3211 563 3275 sed
592 3231 632 3274 ex
660 3232 725 3275 uno
756 3210 931 3295 eodemque
959 3210 1055 3274 huius
1086 3230 1163 3292 apo·

87 3297 217 3384 grapho
239 3319 299 3382 per
315 3299 423 3364 uarios
447 3298 577 3384 gradm,
601 3320 682 3384 quos
703 3299 757 3363 hic
775 3319 933 3382 exponere
950 3298 1086 3382 longum
1105 3302 1165 3382 est,

86 3387 260 3452 fluxerunt.
309 3390 362 3452 tot
391 3388 478 3452 enim
507 3387 587 3452 locis
618 3387 693 3452 illae
725 3391 839 3452 ιοιιιιι
866 3383 898 3449 A
926 3386 979 3448 uel
1006 3385 1086 3449 adeo
1114 3349 1165 3448 A*

90 3477 283 3560 conspirant
314 3478 352 3540 ut
381 3475 435 3540 hic
467 3497 646 3540 consensus
677 3474 830 3556 explicari
859 3474 1000 3554 nequeat
1029 3471 1093 3534 nisi
1125 3493 1166 3533 ex
