2517 3925
424 204 594 262 EDITORIS
611 204 831 262 PRAEFATIO.
1099 208 1140 264 XI

119 350 214 416 nulla
240 352 347 417 exstat
373 349 581 435 subscriptio,
614 353 727 415 tamen
752 347 866 434 'spatio
892 352 1006 417 relicto
1019 407 1023 415 .
1036 352 1138 417 libros

120 438 280 524 distingui
303 438 512 505 menifestum
535 443 599 520 est,
621 440 815 523 praesertim
834 462 907 505 cum
929 440 1020 506 nulla
1042 443 1138 506 antea

119 527 306 593 inveniatur
328 524 555 613 distributio.⁶)
585 525 655 593 Neo
674 527 817 593 dubitari
834 531 954 622 potest,
977 528 1056 613 quin
1073 529 1140 595 ista
1194 596 1198 602 ,

119 614 282 681 librorum
304 616 479 699 descriptio
503 616 546 681 sit
568 616 760 701 rectissima,
783 638 856 683 cum
878 639 940 682 neo
961 617 1139 703 illaquam

120 703 280 769 editiones
298 703 532 790 lindenbrogii
551 708 584 769 et
602 703 716 770 Orroei
732 705 908 770 exhibeant
925 706 1138 791 quinqueper-

119 792 183 857 tita
215 792 291 857 ullis
323 793 485 858 bonorum
513 793 660 859 codicum
690 793 894 859 adminiculis
921 795 1140 880 confirmetur,

120 884 155 946 et
173 902 214 945 es
236 902 318 965 quae
336 882 435 967 vulgo
458 881 493 946 iu
516 881 713 947 editionibus
730 882 861 967 legatur
877 882 1035 967 bipartita
1053 883 1139 949 codi-

119 969 212 1035 cibus
235 973 363 1035 tantum
386 969 599 1036 deterioribus
621 970 760 1036 nitatur:
790 993 890 1056 quam
911 993 982 1036 rom
1003 974 1037 1037 et
1059 970 1138 1037 Otto

118 1056 296 1124 Muellerus
324 1059 466 1124 breviter
499 1059 611 1144 attigit
641 1055 755 1145 (praef.
782 1083 814 1144 p.
839 1059 922 1125 XIII
951 1057 1027 1145 sq.),
1058 1060 1139 1126 duos

118 1148 406 1232 grammaticorum
428 1148 517 1213 locos
539 1147 725 1232 respiciens,
747 1152 781 1213 et
801 1149 872 1233 ipse
892 1150 991 1215 latius
1004 1149 1136 1214 demon-

119 1236 222 1301 stravi
245 1232 376 1321 (Philol.
398 1234 538 1301 XXXIV
560 1259 591 1320 p.
614 1236 681 1302 475
705 1234 798 1323 sqq).
843 1236 1029 1303 Priscianus
1052 1236 1139 1302 enim

122 1323 205 1409 (VH
228 1323 271 1391 65
294 1346 325 1408 p.
344 1325 411 1390 342
429 1323 486 1410 H.)
510 1328 543 1389 et
564 1325 732 1410 Eutyches
754 1324 802 1411 (ΙΙ
821 1326 896 1410 dp.
913 1327 981 1392 475
994 1325 1050 1412 Κ.)
1073 1347 1140 1391 cer·

118 1412 241 1477 tissimi
263 1416 363 1478 testes
388 1417 474 1497 sunt,
496 1414 532 1479 in
550 1414 715 1481 codicibus
735 1435 816 1480 saer.
835 1416 929 1497 sexti,
952 1416 1008 1499 qui
1025 1436 1138 1481 versus

118 1502 154 1567 in
178 1502 329 1567 omnibus
351 1501 418 1567 fere
442 1502 639 1569 editionibus
662 1503 812 1568 feruntur
830 1503 906 1568 libri
923 1503 957 1569 Π
977 1504 1049 1568 120.
1063 1504 1139 1569 224.

119 1589 202 1674 225,
226 1612 281 1657 eos
305 1591 535 1657 adnumeratos
559 1590 659 1656 fuisse
682 1592 765 1657 libro
788 1591 904 1675 primo.

212 1678 282 1755 Quo
310 1680 434 1746 factum
462 1683 524 1765 est,
556 1682 594 1744 ut
620 1680 655 1744 in
681 1679 744 1744 hac
770 1684 885 1745 nostra
907 1680 1049 1745 editione
1071 1701 1140 1745 ver·

120 1790 217 1833 suum
239 1790 391 1835 numeros
415 1767 497 1834 alios
520 1768 668 1834 invenias
692 1771 791 1853 atque
814 1772 911 1834 antea
927 1769 1035 1834 notati
1058 1768 1139 1854 sint3

119 1857 178 1922 sed
196 1860 234 1921 ut
251 1858 366 1923 melius
389 1858 534 1943 legentes
548 1858 660 1923 libello
678 1856 727 1921 uti
739 1857 882 1941 possint,
903 1878 1056 1922 numeros
1078 1879 1140 1922 usu

118 1948 268 2031 receptos
290 1946 328 2012 in
349 1948 444 2013 laevo
467 1945 615 2034 margine
638 1946 802 2012 addendos
825 1946 944 2031 curavi,
966 1946 1070 2012 lIteris
1093 1949 1138 2012 te·

118 2035 290 2102 nuioribus
314 2039 348 2102 et
369 2037 505 2121 paulum
526 2037 692 2102 inclinatis
715 2035 867 2120 depictos.

209 2123 255 2189 Et
276 2126 357 2191 haec
380 2126 508 2211 quidem
532 2126 570 2190 de
593 2125 718 2210 optimo
741 2124 887 2190 codicum
910 2144 1036 2210 genere.
1081 2124 1138 2191 AI-

120 2213 223 2279 terius
237 2217 338 2280 testes
357 2236 391 2280 se
415 2214 573 2299 praebent
595 2213 844 2280 Trevirensis
867 2211 909 2300 (t)
932 2212 1138 2279 Parisinus

121 2303 211 2368 8052
242 2301 294 2390 (p)
327 2301 525 2370 Gudianus
556 2305 599 2370 52
630 2300 692 2391 (G)
720 2302 1050 2369 Helmstadiensis
1077 2301 1138 2389 (H)

6 2427 8 2434 ι
120 2388 494 2459 Dommerichisnus
509 2390 580 2481 (D);
603 2394 659 2478 qui
678 2393 803 2459 codices
822 2393 879 2458 ubi
896 2392 982 2457 inter
1004 2413 1039 2458 se
1062 2413 1139 2458 con·

122 2480 267 2546 sentiunt
289 2482 384 2546 litera
406 2490 442 2548 Μ
463 2504 541 2548 usus
565 2505 645 2548 sum.

212 2567 298 2635 Ood.
326 2570 576 2637 Trevirensis
608 2569 817 2658 (LXXXXIb
847 2573 927 2638 bibl.
963 2572 1049 2656 urb.)
1080 2572 1139 2636 mi·

121 2657 252 2724 scellan.
265 2661 451 2745 membran,
474 2681 557 2725 saec.
580 2659 664 2724 sicut
685 2658 722 2724 1⁴¹.
743 2660 783 2727 X
800 2660 941 2726 hensio
956 2661 1070 2735 ,visum
1089 2664 1140 2725 est
1178 2696 1180 2701 ·

119 2744 198 2813 ΧΠΟ
220 2749 273 2813 vsl
298 2747 393 2814 XIII⁰
420 2752 583 2833 exaratus,
614 2748 682 2814 foll.
709 2748 729 2813 9
762 2749 925 2834 prioribus
952 2748 1137 2815 Achilleida

119 2837 355 2920 complectitur.
389 2837 478 2904 Num
501 2837 665 2904 derivatus
689 2838 732 2902 sit
744 2859 786 2902 ex
798 2840 927 2902 vetusto
950 2837 1009 2904 illo
1031 2859 1137 2902 exem-

122 2924 221 3009 plari,
245 2925 330 3010 quod
343 2929 381 2992 ut
395 2949 493 3012 supra
511 2926 762 2993 memoravimus
777 2924 955 2992 Garbertus
968 2927 1139 2993 Remensis

122 3012 368 3080 describendum
405 3018 587 3101 curaverat,
624 3014 799 3099 disceptari
832 3015 953 3100 nequit.
1012 3013 1139 3081 Desunt
1184 3010 1195 3034 ’

119 3123 231 3168 versus
258 3103 334 3169 libri
361 3105 458 3189 primi
486 3105 561 3170 221.
589 3105 665 3171 558.
693 3104 880 3170 636-721.
903 3104 978 3170 900.
1005 3103 1072 3168 930
1097 3139 1136 3150 --
1206 3119 1214 3132 ‘

96 3327 101 3338 ’
192 3333 219 3402 5)
242 3331 370 3390 Eandem
397 3332 594 3404 descriptIonIs
622 3332 762 3389 rationem
788 3330 884 3388 inveni
905 3330 937 3386 in
964 3331 1024 3388 eod.
1048 3329 1137 3386 Paris.

121 3407 222 3471 11324;
245 3403 280 3461 cl.
299 3421 334 3460 ca
357 3419 428 3474 quae
451 3405 559 3460 dehoc
578 3403 675 3460 codice
694 3406 723 3458 et
740 3403 776 3458 de
794 3402 895 3459 ceteris
912 3401 944 3457 in
961 3395 1031 3460 bibl.
1049 3401 1137 3458 Paris.

119 3473 270 3530 asservatis
288 3473 405 3547 exposui
423 3475 453 3530 in
471 3474 574 3531 Philol.
594 3474 712 3530 XXXIV
730 3492 757 3543 p.
778 3480 840 3531 476.
