2517 3925
315 1183 580 1267 EDITORIS
610 1182 944 1269 PRAEFATIO.

569 1376 703 1387 .-,-
1255 1321 1256 1380 1

186 1534 285 1601 Statii
303 1534 458 1600 siluarum
477 1535 700 1602 emendatione
717 1557 786 1603 non
803 1540 893 1603 extat
910 1538 945 1603 in
963 1540 1035 1602 tota
1052 1536 1170 1602 Roma-

91 1646 213 1691 norum
235 1624 329 1709 poesi
348 1625 438 1709 epiea
455 1646 572 1689 munus
596 1624 767 1691 difficilius.
803 1648 880 1692 nam
902 1630 1032 1711 praeter
1054 1626 1168 1691 insitas

92 1716 129 1778 in
158 1714 232 1797 ipsa
262 1714 443 1778 carminum
469 1712 577 1779 indole
605 1712 813 1780 difficultates
842 1716 982 1799 pessime
1006 1717 1039 1779 et
1061 1715 1169 1779 uerbis

94 1802 264 1886 scriptoris
288 1804 321 1866 et
344 1801 529 1885 eis-quibus
552 1801 609 1867 illa
632 1806 709 1868 sunt
730 1803 851 1867 tradita
876 1803 970 1867 libris
992 1825 1070 1868 mss.
1094 1823 1169 1868 con-

95 1892 197 1956 suluit
218 1888 373 1955 Fortuna.
894 1938 897 1943 ·

185 1980 232 2045 Et
263 1979 390 2045 codices
422 1979 564 2065 quidem,
596 1980 652 2064 qui
685 1980 785 2045 siluas
817 1979 988 2046 continent
1016 1980 1169 2065 integras,

94 2091 163 2134 non
184 2068 348 2134 habentur
374 2069 438 2134 nisi
468 2069 595 2134 saeculo
618 2065 682 2133 XV
704 2069 836 2134 exarati.
878 2069 932 2152 qui
960 2089 1000 2132 ex
1022 2089 1088 2133 uno
1111 2069 1168 2134 illo
1255 2116 1256 2141 t

96 2157 273 2242 archetypo
306 2163 391 2222 nunc
423 2156 588 2241 deperdito
624 2157 765 2240 profecti
796 2160 873 2222 sunt
911 2177 1037 2242 omnes,
1073 2179 1169 2242 quem
1255 2144 1256 2169 ¹

95 2245 243 2331 Poggius
261 2245 297 2310 in
315 2246 512 2311 monasterio
532 2247 637 2311 sancti
656 2245 741 2310 Galli
759 2249 954 2332 reppererat,
976 2249 1014 2311 ut
1031 2249 1170 2311 testatur

96 2333 292 2418 subscriptio
307 2334 342 2398 in
355 2333 490 2400 Asconii
504 2334 612 2401 codice
626 2333 815 2400 Florentino
829 2335 925 2401 haec:
948 2334 1003 2400 boc
1013 2334 1169 2418 froamed-

96 2429 163 2488 tum
193 2422 228 2503 Q.
252 2424 370 2489 ascoaia'
390 2424 523 2506 pediam
549 2428 704 2506 repertum
730 2425 835 2489 estin
861 2425 1047 2488 monasterti>
1069 2425 1170 2488 sancti

93 2512 176 2595 yallc'
201 2532 300 2594 prope
326 2513 532 2578 coelelestium
555 2511 641 2576 ·XX·
668 2512 796 2577 miletus
820 2532 976 2595 wem
1006 2533 1028 2576 a
1053 2511 1169 2594 Poppc'o

95 2599 282 2668 Florentino
304 2621 370 2666 imo
392 2621 461 2666 acm
477 2605 571 2682 parte
593 2598 640 2666 ·O·
662 2601 778 2666 submi
798 2601 889 2682 flocco?
910 2601 942 2666 ὢ
964 2601 1047 2666 balbi
1074 2601 1166 2666 setini

96 2689 1169 2854 111111ῑαῖ11κέᾷαέίεᾜ111ἕθίιὲᾝηυῗοῦυξέιπῆ1ᾝ11ᾞῗ
1255 2792 1256 2823 l

95 2865 210 2930 XXIX
232 2889 264 2950 p.
279 2863 344 2931 355
359 2887 419 2951 sq.;
442 2865 650 2932 Hermannus
672 2865 819 2931 Blassius
841 2866 919 2931 ibid.
942 2864 1034 2930 XXX
1056 2888 1088 2949 p.
1101 2866 1166 2930 461

95 2953 365 3108 sqq.;3Asconius
388 2955 457 3020 edd.
479 2954 647 3039 Kiessling
671 2957 704 3020 et
727 2953 867 3039 Schoell,
890 2955 989 3039 praef.
1007 2977 1039 3038 p.
1059 2953 1168 3019 XXIX
1255 2992 1256 3025 i

94 3047 164 3108 not.
209 3093 216 3108 .
1255 3042 1256 3095 1

187 3129 285 3196 Hunc
316 3131 458 3197 codicem
494 3129 740 3218 Sangallensem
772 3131 944 3217 aPoggio
974 3132 1011 3196 in
1038 3131 1168 3196 Italiam

94 3219 306 3304 adportatum
338 3221 490 3304 contulit,
522 3221 682 3285 incertum
709 3243 772 3306 quo
804 3240 906 3303 anno,
934 3219 1081 3304 Angelus
1107 3218 1167 3282 Po-

94 3310 231 3374 litianus
254 3330 327 3372 cum
351 3309 491 3374 editione
514 3310 658 3394 principe
681 3331 756 3375 ann.
776 3310 877 3392 14723
901 3307 987 3392 quod
1006 3308 1169 3391 exemplar

93 3419 183 3462 nunc
213 3395 337 3462 Romae
370 3399 405 3461 in
441 3397 641 3463 bibliotheca
673 3396 864 3463 Gorsiniana
896 3395 1103 3459 adseruatum
1133 3395 1168 3458 in

97 3487 164 3550 fine
198 3483 299 3549 habet
328 3485 408 3551 haec
440 3487 554 3551 uerba:
591 3486 696 3551 Incidi
717 3488 753 3549 in
774 3483 930 3564 exemplar
951 3480 1049 3546 staua·
1069 3481 1169 3562 syloa·
