2517 3925
143 217 208 282 110
511 218 541 272 Ρ.
561 215 702 272 ΡΑΡΙΝΙΙ
724 215 843 272 STATII

142 360 258 429 Cessat
281 383 371 446 apex.
406 361 519 446 procul
541 361 606 426 ista
627 365 685 426 tuo
709 361 776 426 sint
797 360 867 425 fata
890 360 993 447 Teati,
1183 379 1218 429 00

141 451 211 517 Nec
233 450 436 516 Marrucinos
459 453 538 535 agat
559 449 640 514 haec
663 450 792 514 insania
815 453 952 514 montes.

141 538 237 605 Nunc
261 540 288 604 si
310 539 396 605 forte
418 539 499 603 meis
523 559 605 623 quae
628 538 695 602 sint
718 537 850 602 exordia
872 538 974 602 musis

143 627 230 694 Scire
252 628 347 713 petis,
369 628 434 693 iam
457 624 608 692 Sidonios
632 643 764 691 emensa
787 627 915 691 labores

141 717 283 783 Thebais
307 718 419 801 optato
442 715 577 801 collegit
599 716 735 781 carbasa
757 719 853 800 portu

140 804 338 890 Parnasique
361 805 446 890 iugis
470 805 617 889 siluaque
640 803 832 869 Heliconide
854 803 948 868 festis
1182 822 1219 871 00

141 894 228 983 Tura
251 893 339 959 dedit
359 893 499 958 fiammis
522 897 556 957 et
577 892 716 978 uirginis
739 896 817 957 exta
836 893 991 958 iuuencae
1097 954 1100 962 .

140 981 369 1067 Uotiferasque
391 1003 481 1046 meas
504 981 674 1065 suspendit
696 981 738 1045 ab
761 981 877 1046 arbore
900 981 1009 1046 uittas.

140 1069 235 1137 Nunc
259 1093 378 1136 uacuos
402 1071 507 1136 crines
530 1070 595 1135 alio
619 1070 708 1135 subit
730 1069 834 1134 infula
855 1091 954 1134 nexu:

64 1187 70 1198 ·
142 1159 242 1224 Troia
264 1158 393 1244 quidem
416 1179 619 1247 magnusque
642 1158 722 1223 mihi
745 1161 924 1242 temptatur
945 1157 1101 1242 Achilles,

141 1244 204 1312 Sed
226 1251 324 1313 uocat
346 1247 529 1312 arcitenens
553 1247 616 1311 alio
640 1251 734 1331 pater
756 1268 909 1332 armaque
932 1249 1094 1311 monstrat
1183 1265 1218 1314 95

140 1337 278 1401 Ausonii
300 1336 426 1400 maiora
448 1335 547 1402 ducis.
583 1335 687 1400 trahit
709 1338 851 1419 impetus
875 1336 931 1400 illo

138 1424 209 1490 Iam
231 1425 357 1508 pridem
379 1422 579 1509 retrahitque
601 1425 710 1489 timor.
747 1425 924 1490 stabuntne
947 1423 1007 1488 sub
1029 1424 1087 1489 illa

141 1511 227 1578 Mole
250 1512 376 1578 humeri
400 1534 443 1576 an
466 1533 587 1598 magno
610 1514 759 1578 uincetur
781 1512 923 1597 pondere
948 1511 1078 1577 cennx?

139 1599 211 1686 Dic,
233 1600 395 1684 Marcelle,
418 1602 544 1682 feram?
566 1601 683 1666 fluctus
707 1623 750 1666 an
774 1605 866 1667 sueta
888 1603 1028 1666 minores

137 1687 244 1755 Nosse
265 1690 348 1754 ratis
370 1690 514 1755 noudum
537 1690 640 1754 Ioniis
664 1690 824 1756 credenda
846 1689 997 1774 periclis?
1160 1707 1218 1757 100

136 1778 270 1863 Iamque
292 1779 365 1844 uale
391 1782 424 1844 et
445 1779 575 1862 penitus
598 1779 671 1843 noti
690 1779 752 1843 tibi
774 1780 860 1843 uatis
885 1799 1028 1843 amorem

138 1864 241 1932 Corde
263 1867 350 1932 exire
372 1870 455 1932 ueta
491 1887 550 1932 nec
573 1867 661 1932 enim
684 1867 765 1932 mihi
787 1867 927 1932 iunctius
951 1867 1055 1932 simae

138 1953 255 2021 Pectus
280 1956 456 2022 amicitiae:
484 1956 575 2023 cedet
596 1956 658 2042 tibi
682 1957 786 2043 gloria
807 1956 863 2021 fidi

137 2044 290 2129 Theseos,
314 2049 347 2109 et
369 2046 509 2110 lacerum
533 2046 588 2131 qui
611 2045 697 2111 circa
720 2046 848 2111 moenia
871 2045 989 2109 Troiae

137 2131 321 2197 Priamiden
344 2154 437 2199 caeso
462 2134 580 2199 solatia
602 2135 704 2198 traxit
726 2134 839 2199 amico.
1157 2151 1213 2201 100

652 2362 692 2428 V.
1251 2362 1252 2429 1

311 2520 384 2575 ODE
403 2520 538 2577 LYRICA
557 2520 607 2575 AD
628 2520 832 2575 SEPTIMIUM
851 2520 1032 2577 SEUERUM.

295 2664 393 2730 Parui
416 2666 530 2729 beatus
553 2665 638 2729 ruris
661 2664 849 2749 honoribus

297 2752 368 2828 Qua
390 2754 499 2838 prisea
521 2752 665 2819 Teucros
688 2754 777 2819 Alba
799 2754 878 2819 colit
899 2754 993 2839 lares,

205 3038 239 3089 80
261 3036 326 3090 tuos
348 3034 439 3090 infata
459 3036 536 3089 teate
555 3039 573 3086 0
591 3052 609 3086 a
627 3035 684 3100 (sed
701 3040 779 3089 reate
797 3038 833 3105 a),
856 3036 971 3092 correct.
995 3036 1044 3089 tuo
1067 3034 1124 3089 sint
1146 3037 1211 3093 fata

134 3106 248 3162 Theano
268 3106 365 3164 Parra.
383 3106 441 3160 tuis
455 3104 512 3159 sint
529 3103 597 3172 fata,
618 3104 705 3160 Teate
724 3106 776 3159 atii
795 3108 805 3175 11
830 3111 864 3160 92
883 3105 1082 3173 Uotiferasque
1095 3109 1130 3160 Δε
1151 3108 1209 3163 Uo-

132 3177 270 3245 tiferaque
290 3179 330 3245 01
350 3182 402 3231 100
419 3174 551 3245 procellis
568 3176 671 3231 Marti.
685 3177 694 3244 ΙΙ
709 3181 759 3231 101
779 3176 841 3232 noti
859 3181 890 3229 0:
908 3176 970 3231 uoti
989 3181 1007 3230 ς
1026 3178 1208 3247 clamorem

132 3248 228 3301 Dona:
246 3248 380 3302 honorem
399 3252 417 3298 0
434 3248 540 3315 011101
558 3246 631 3300 mihi
648 3248 705 3313 (001
722 3246 786 3317 tibi)
804 3247 926 3302 iunctius
943 3249 1056 3316 0011001.-
1079 3247 1210 3306 tirintius

133 3319 188 3385 (001
205 3320 271 3387 tyr.)
291 3323 309 3369 0
325 3317 468 3372 tirinthius
487 3336 505 3370 a
529 3318 695 3373 retinentius
715 3318 828 3373 Grotius
845 3320 874 3373 te
894 3318 1159 3373 00111001100110100
1180 3326 1209 3376 10

131 3387 228 3442 mitius
247 3388 404 3457 1111011001
419 3392 468 3441 103
488 3387 569 3443 cedet
587 3393 610 3441 Δ
628 3394 659 3441 c:
678 3388 788 3444 cedite

203 3458 236 3511 V.
258 3458 383 3513 Titulwm
400 3476 434 3514 aa
452 3463 475 3511 Δ
493 3465 511 3511 0
529 3461 594 3515 dedi
