2517 3925
105 200 147 266 38
468 196 500 252 e.
518 196 657 251 PAPINH
676 196 798 251 srsru

105 344 270 409 Libertate
294 343 399 410 doma.
436 343 501 413 iam
524 342 622 409 flendi
645 342 774 425 expleta
795 340 986 426 uoluptas?
1145 357 1181 407 15

105 432 217 499 Iamne
239 454 350 515 praees
374 432 478 499 fessus
501 452 570 497 non
591 430 772 515 indignaris
794 430 940 498 amieas‘?

106 520 220 587 Iamne
243 521 379 587 uanam?
416 520 558 587 lacrimis
582 540 624 583 en
646 523 680 583 et
701 541 774 585 mea
797 518 941 585 earmina
962 518 998 583 in
1019 519 1093 604 ipso

105 609 168 675 Ore
190 612 309 677 natant
331 609 504 695 tristesque
528 608 649 675 eadunt
668 608 704 674 in
726 608 826 673 uerba
847 608 972 673 liturae.

103 697 179 783 Ipse
203 699 323 764 etenim
346 702 452 765 teeum
475 698 588 783 nigrae
612 697 782 763 sollemnia
797 716 941 781 'pompae
1026 717 1030 721 ·

104 785 353 873 Spectatumque
376 788 450 853 urbi
473 787 576 853 seelus
600 789 635 851 et
655 785 779 870 puerile
800 787 956 853 feretrum
1142 804 1178 853 ao

105 875 256 954 Produxi,
280 898 395 943 saeuos
418 876 563 942 damnati
585 876 668 941 turis
691 894 825 943 aceruos

103 963 354 1051 Plorantemque
378 966 520 1031 animam
543 986 642 1049 supra
665 985 725 1029 sna
746 965 862 1031 funera
883 962 959 1046 uidi,

104 1052 215 1139 Teque
237 1057 368 1138 patrum
391 1054 531 1139 gemitus
554 1055 763 1137 superantem
785 1056 819 1117 et
841 1052 975 1117 brachia
997 1055 1141 1119 matrum

104 1140 377 1226 Complexumque
400 1163 498 1229 rogos
515 1142 694 1228 ‚ignemque
716 1141 846 1207 haurire
867 1143 1039 1224 parantem

103 1229 169 1295 Uix
190 1231 280 1295 tenui
305 1230 419 1297 similis
443 1252 551 1297 eomes
574 1229 757 1315 offendique
778 1229 929 1295 tenendo.
1143 1245 1177 1296 25

105 1317 151 1383 nt
173 1340 276 1403 nuno,
298 1320 376 1403 heu,
399 1319 491 1385 uittis
515 1322 548 1383 et
569 1318 689 1384 frontis
711 1319 834 1387 honore
856 1318 964 1384 soluto

104 1405 272 1473 Infaustus
295 1411 389 1473 nates
411 1429 493 1473 uero
516 1428 590 1473 mea
611 1411 744 1493 peotora
766 1410 887 1474 meum:

103 1494 229 1581 Plango
252 1496 339 1580 lyra,
362 1500 395 1561 et
418 1495 480 1561 diri
503 1496 654 1591 comitem
678 1496 865 1582 sociumque
888 1494 1025 1581 doloris,

106 1581 142 1649 si
165 1585 269 1649 merui
290 1585 461 1671 luctusque
484 1586 533 1651 tui
556 1580 721 1654 consortia
743 1586 842 1670 sensi,

105 1672 175 1737 Iam
197 1673 281 1737 lenis
303 1674 429 1758 patiare
452 1696 573 1758 preoor.
611 1696 664 1739 me
686 1674 822 1739 fulmine
844 1673 880 1739 in
900 1673 972 1758 ipso
1144 1692 1180 1741 30

103 1761 266 1827 Audiuere
288 1766 407 1848 patres,
435 1784 495 1851 ego
518 1764 609 1829 iuxta
631 1764 729 1828 busta
751 1762 893 1847 profusis

102 1849 263 1917 Matribus
287 1855 383 1938 atque
407 1852 469 1935 piis
493 1852 595 1917 oeoini
618 1851 735 1916 solatia
757 1851 844 1917 natis
991 1855 994 1862 “

104 1939 149 2005 Et
173 1940 265 2025 mihi,
289 1963 362 2006 eum
385 1941 532 2027 proprios
555 1963 719 2029 gemerem
742 1938 885 2006 defectus
910 1940 950 2005 ad
972 1940 1064 2026 ignes

105 2026 238 2114 (Quem,
262 2028 420 2116 Natural)
443 2035 579 2116 patrem.
614 2052 676 2096 neo
698 2034 732 2096 te
754 2024 866 2116 lugere
889 2050 1020 2095 seuerus
1250 2074 1251 2113 3

103 2119 223 2202 Aroeo‚
247 2118 302 2183 sed
327 2119 439 2183 confer
461 2121 600 2206 gemitus
623 2119 808 2204 pariterque
830 2119 973 2184 fleamus.
1145 2136 1181 2186 35
1250 2130 1251 2135 ’

101 2205 294 2271 Iamdudum
318 2206 433 2292 dignos
457 2208 563 2273 aditus
586 2207 782 2293 laudumque
804 2210 949 2292 tuarum,

103 2293 130 2359 Ο
154 2294 269 2360 merito
293 2295 408 2360 dilecte
430 2317 524 2381 puer,
546 2297 726 2382 primordia
748 2317 906 2382 quaerens
994 2377 997 2384 Ι

102 2381 284 2448 Distrahor.
320 2383 397 2450 hino
420 2386 497 2451 anni
520 2390 644 2452 stantes
667 2387 703 2450 in
725 2385 839 2450 limine
861 2386 963 2469 uitae,

102 2469 189 2536 Hine
211 2494 263 2536 me
285 2472 392 2538 forma
414 2475 514 2559 rapit,
537 2476 625 2560 rapit
646 2474 721 2540 inde
744 2473 904 2540 modestia
925 2496 1064 2558 praecox

101 2559 148 2626 Et
169 2561 273 2644 pudor
295 2565 328 2627 et
350 2564 463 2628 tenero
487 2565 634 2650 manitas
657 2563 815 2628 maturior
837 2585 927 2629 aeuo.
1142 2581 1180 2631 40

103 2647 131 2714 Ο
155 2649 212 2715 ubi
234 2672 396 2735 purpureo
422 2652 562 2718 suffusus
586 2653 744 2736 sanguine
767 2651 887 2716 candor

104 2736 289 2825 Sidereique
313 2739 407 2805 orbes
430 2741 619 2826 radiataque
642 2740 766 2805 lumina
789 2741 879 2805 eaelo

101 2825 148 2891 Et
171 2829 348 2913 castigatae
372 2829 510 2896 oolleeta
533 2828 693 2894 modestia
714 2828 834 2894 frontis

102 2915 304 3001 Ingenuique
328 2939 425 3002 super
446 2918 552 2983 crines
575 2919 746 3003 mollisque
770 2917 904 2982 decorae

101 3003 217 3090 Margo
241 3005 374 3071 comae?
410 3007 539 3072 blandis
562 3007 696 3072 ubinam
718 3027 777 3071 ora
799 3010 916 3092 arguta
937 3008 1077 3091 querelis
1142 3024 1179 3073 45

174 3255 207 3304 10
225 3250 320 3305 Iamne
338 3254 375 3304 A:
395 3249 509 3321 Iamque
529 3252 571 3320 ⁰l
583 3256 617 3307 20
634 3256 703 3320 puto
721 3251 785 3307 urbi
803 3251 912 3322 deousl
934 3258 968 3306 00
989 3268 1060 3308 nexo
1078 3253 1179 3308 Dom.:

101 3336 183 3375 uersa
202 3325 219 3372 0
237 3335 318 3376 uerso
338 3324 356 3375 ς
376 3338 393 3372 ι
414 3321 424 3388 ΙΙ
448 3325 482 3374 28
501 3321 541 3392 et]
559 3324 590 3377 at
608 3321 689 3379 Dom.
713 3340 748 3379 en
767 3323 873 3378 Morkl.
894 3325 900 3390 Ι
922 3323 977 3377 diri
996 3327 1015 3379 ς
1034 3342 1065 3376 a:
1090 3323 1140 3378 diu
1158 3330 1178 3376 0

100 3389 289 3514 paqncdffartl.
312 3391 322 3458 n
345 3395 379 3445 30
399 3407 443 3445 me
463 3391 557 3447 Dora„-
575 3392 634 3448 iam
651 3398 669 3445 0
687 3412 706 3446 ι
724 3396 734 3463 ΙΙ
753 3400 788 3448 40
806 3394 932 3463 grauitas
948 3396 1063 3464 aarepae':
1081 3394 1177 3464 probi·
