2517 3925
438 198 625 254 sinumuu
643 199 674 254 1.
693 201 741 270 111,
760 205 785 255 s.

81 341 231 409 Conubio
254 343 368 428 ganisa
390 342 514 410 domus.
549 350 610 409 nec
632 345 770 430 pignora
792 343 902 430 longe3

81 431 208 516 Quippe
232 433 282 497 bis
306 431 348 496 ad
369 435 483 516 partus
506 434 596 498 uenit
617 432 741 498 Lucina
763 455 923 518 manuque

79 521 155 606 Ipsa
177 521 245 587 leui
267 521 419 606 grauidos
441 521 552 608 tetigit
573 521 711 587 fecunda
732 523 871 588 labores.

78 610 172 674 Felix
195 612 228 676 oi
253 611 280 675 si
302 610 402 695 longa
423 611 501 696 dies,
524 612 553 675 si
575 632 704 677 cernere
727 611 838 676 uultus

78 699 241 764 Natorum
263 699 438 785 uiridisque
461 719 561 784 genas
583 700 644 764 tibi
666 701 754 764 iusta
776 699 941 766 dedissent
1099 717 1150 767 125

79 786 242 852 Stamina!
267 786 323 852 sed
345 789 451 852 media
473 789 615 853 cecidere
639 789 779 872 abrupta
800 789 934 854 iuuenta

79 876 216 961 Gaudia,
237 876 452 961 florentesque
475 899 573 941 manu
597 877 693 942 scidit
715 877 859 961 Atropos
884 900 1000 962 annos3

79 965 196 1042 Qualia
221 965 380 1048 pallentes
403 965 568 1031 declinant
589 967 659 1031 lilia
682 966 807 1030 culmos

78 1053 306 1139 Pubentesqne
328 1075 421 1119 rosae
443 1054 566 1138 primos
590 1055 775 1120 moriuntur
798 1055 839 1119 ad
862 1059 1002 1137 austros,

80 1141 148 1206 Aut
168 1146 207 1206 ut
229 1164 330 1207 uerna
350 1143 446 1208 nouis
470 1144 596 1227 expirat
618 1166 762 1228 purpura
783 1144 896 1226 pratis.

79 1231 140 1295 llla
164 1231 339 1316 sagittiferi
361 1232 656 1316 circumuolitastis‚
677 1232 831 1317 Amores,

80 1319 209 1384 Funera
232 1323 442 1406 maternoque
465 1341 562 1406 rogos
585 1321 724 1385 unxistis
750 1343 893 1405 am0m03

79 1407 148 1472 Nec
169 1409 284 1474 modus
307 1413 364 1472 aut
385 1410 501 1493 pennis
523 1410 640 1475 laceris
663 1414 720 1474 aut
742 1411 883 1475 crinibus
906 1410 1016 1496 ignem

79 1495 252 1582 Spargere,
274 1497 490 1582 collectaeque
511 1521 629 1582 pyram
654 1502 797 1563 struxere
819 1500 998 1582 pharetrae.

79 1585 166 1660 Quas
188 1590 267 1650 tunc
288 1585 423 1651 inferias
446 1588 503 1650 ant
526 1610 609 1673 quae
632 1587 777 1653 lamenta
799 1587 940 1652 dedisses

80 1673 248 1757 Maternis,
270 1673 416 1759 Etrusca,
438 1675 538 1760 rogis,
561 1677 616 1760 qui
638 1676 754 1742 funera
776 1677 879 1760 patris

77 1761 176 1827 Haud
199 1767 328 1828 matura
349 1766 446 1847 putas
469 1767 564 1848 atque
587 1765 743 1849 hospius
766 1765 905 1849 ingemis
929 1766 1046 1830 annos!

78 1850 177 1915 Illum
199 1855 233 1915 et
255 1851 414 1936 quinutu
437 1875 571 1937 superas
595 1875 681 1920 nuuc
703 1856 864 1936 temperat
886 1873 985 1937 arces,

75 1939 272 2025 Progeniem
295 1941 415 2007 claram
437 1942 533 2007 terris
555 1942 695 2026 partitus
719 1946 753 2006 et
776 1942 884 2026 astris,

77 2028 199 2095 Laetus
222 2030 366 2095 Idumaei
390 2030 526 2096 donauit
547 2031 672 2097 honore
694 2031 852 2115 triumphi

75 2118 303 2204 Dignatusque
325 2121 398 2185 loco
421 2120 564 2185 uictricis
586 2121 622 2185 in
645 2119 756 2185 ordine
779 2142 918 2204 pompae

76 2206 155 2272 Non
176 2209 291 2293 uetuit,
313 2212 490 2294 tenuesque
512 2209 595 2275 nihil
617 2209 762 2275 minuere
785 2213 945 2293 parentes.

77 2296 187 2381 Atque
210 2296 296 2361 idem
318 2298 358 2363 in.
377 2319 497 2362 cuneos
518 2298 641 2383 populo
666 2298 793 2363 seduxit
817 2302 980 2383 equestres

76 2383 280 2469 Mutsuitque
303 2406 406 2471 genus
428 2387 604 2471 laeuaeque
626 2388 770 2472 ignobile
792 2387 913 2452 ferrum

75 2474 177 2539 Exuit
201 2479 235 2538 et
257 2475 343 2539 celse
364 2477 517 2539 natorum
541 2476 695 2561 aequauit
716 2476 841 2541 honori.

75 2562 201 2627 Dextra
222 2562 273 2628 bis
297 2563 423 2628 octonis
446 2563 608 2629 fluxerunt
632 2566 759 2630 saecula
781 2565 904 2649 lustris,

77 2651 187 2737 Atque
212 2652 284 2716 aeui
308 2652 378 2717 sine
399 2653 487 2717 nube
510 2656 613 2717 tenor.
650 2676 748 2739 quam
771 2654 860 2719 diues
884 2654 918 2718 in
941 2675 1019 2719 usus

74 2740 237 2805 Natorum
259 2744 394 2826 totoque
416 2742 531 2806 uolens
555 2742 706 2807 excedere
729 2765 837 2826 censu,

74 2828 182 2894 Testis
206 2828 311 2896 adhuc
333 2830 418 2915 largi
440 2830 528 2895 nitor
550 2830 625 2895 inde
649 2834 796 2896 assuetus
820 2830 966 2915 Etrusci,

146 3116 201 3165 124
218 3126 236 3165 o
255 3115 322 3163 011
341 3114 359 3163 ς
377 3110 416 3164 ha
434 3128 451 3161 1
470 3112 480 3179 1
502 3116 553 3164 130
567 3112 600 3164 ut
617 3112 731 3181 scripsi:
749 3111 803 3167 tibi
822 3112 907 3167 cubi
928 3117 945 3167 ς
965 3114 1070 3181 111132
1089 3128 1147 3165 ma

74 3183 224 3251 ternosque
244 3186 261 3232 c
280 3200 305 3250 1,
327 3196 398 3235 corr.
419 3185 437 3234 ς
460 3182 470 3249 1
494 3187 545 3235 134
564 3182 741 3251 collataeque
765 3182 924 3237 Groaouirrs
948 3184 1148 3249 coniectaeque

74 3252 211 3308 Heinsius
230 3253 242 3321 1
266 3259 316 3307 138
334 3253 475 3320 temperat
491 3255 528 3305 A:
546 3255 686 3322 temperet
704 3255 744 3321 111
760 3254 919 3307 1391111111
938 3253 1056 3321 largitus
1070 3253 1080 3319 1
1095 3256 1144 3305 141

74 3321 236 3393 inscripsi:
259 3325 289 3378 et
306 3329 323 3375 c
343 3341 360 3374 a
381 3324 392 3392 1
415 3328 466 3376 143
489 3324 593 3393 populo
617 3323 728 3378 seduxit
751 3326 864 3393 scripsi:
890 3323 1007 3392 populos
1031 3322 1148 3375 deduxit

75 3397 97 3445 Δ
115 3400 133 3448 c
158 3394 280 3464 populos
303 3411 367 3449 cum
390 3392 471 3449 duxit
488 3394 569 3448 Dom.
587 3394 694 3464 populo
711 3397 740 3449 te
760 3394 856 3449 eduxit
874 3395 1057 3447 Burmannus
1070 3396 1080 3461 11
1094 3396 1145 3445 145

76 3464 149 3519 celse
169 3496 203 3505 —
223 3465 323 3520 honori
341 3464 510 3519 Salmasius:
529 3466 603 3519 celso
617 3496 651 3505 -
666 3466 771 3520 honore
790 3470 807 3516 c
827 3482 843 3515 1

896 3548 935 3601 G*
