2517 3925
388 290 393 297 ,
419 234 589 290 EDITORIS
608 234 824 289 PRAEFATIO.

91 381 253 451 communi
281 381 387 463 fonte,
417 380 453 444 in
482 380 636 464 quoiam
658 380 762 443 multa
783 380 865 444 false
888 380 1054 467 descripta
1080 405 1163 449 non-

89 473 240 555 nullaque
263 469 458 553 interpolata
488 471 605 533 essent.
649 471 819 551 praeterea
842 490 914 533 curn
937 466 1159 556 Sangallensis

88 562 168 629 locis
187 558 352 624 nonnullis
371 557 524 622 damnum
548 557 734 641 accepisset,
757 557 938 641 apographi
964 558 1071 624 scriba
1089 582 1158 627 non

89 650 187 716 nimis
211 650 353 713 attentus
376 646 440 710 fuit
461 645 579 710 litteris
597 645 744 710 euanidis
767 644 981 731 dinoscendis,
1003 646 1160 714 Politiani

90 742 198 803 autem
220 735 406 823 diligentiae
431 735 664 800 accuratiorem
686 734 725 797 de
751 734 798 799 eis
820 734 972 799 notitiam
990 736 1159 804 debemus.

89 832 122 893 et
153 828 188 891 in
216 824 268 890 his
296 844 422 910 quoque
449 824 573 887 lacunis
601 823 678 887 libri
703 823 825 887 nouicii
851 822 893 887 ad
920 844 1021 888 unum
1045 848 1158 892 omnes

90 917 285 999 congruunt3
312 908 353 978 cf.
380 934 459 977 mus.
486 910 590 977 Rhen
621 906 764 976 XXVIII
790 928 822 995 p.
845 910 912 976 250
935 934 1004 997 sqq.
1028 915 1160 981 -hoc

89 1007 197 1070 autem
224 1002 443 1087 Sangallensis
471 999 695 1086 apographum
727 1000 835 1083 ipsum
866 998 953 1084 quod
978 1003 1158 1068 nunciam

87 1114 155 1159 non
172 1091 385 1175 possidemus,
403 1088 576 1154 admodum
595 1087 770 1153 dolendum
789 1092 850 1172 est3
868 1089 955 1173 quod
974 1090 1002 1153 si
1021 1091 1158 1178 adesset,

87 1180 192 1246 labori
221 1180 324 1243 multo
354 1177 560 1261 supersedere
589 1177 710 1242 liceret.
747 1197 824 1240 nam
854 1198 927 1241 cum
954 1179 1158 1245 nouicicrum

87 1271 245 1335 librorum
273 1266 348 1331 inde
370 1265 588 1349 profectorum
616 1263 724 1331 nullus
754 1287 793 1330 ea
820 1266 872 1330 oui
900 1268 974 1331 tuto
997 1268 1157 1333 confidere

88 1358 194 1442 possis
218 1354 385 1440 diligentia
407 1354 489 1419 illud
511 1353 626 1419 reddat
653 1374 790 1439 cumque
817 1372 929 1419 eorum
953 1355 1157 1440 singulorum

85 1447 239 1512 lectiones
266 1444 410 1508 incertae
439 1442 507 1507 sint
534 1443 736 1527 saepissime,
763 1446 839 1507 ante
867 1443 977 1508 omnia
1004 1443 1079 1510 huic
1106 1447 1156 1511 rei

88 1535 195 1600 danda
222 1535 272 1597 est
298 1552 397 1615 opera
424 1534 461 1595 ut
488 1552 527 1594 ex
550 1530 765 1596 consentienti
794 1531 867 1615 plus
890 1532 1038 1598 minusne
1061 1534 1156 1599 neui-

88 1624 210 1689 ciorum
224 1620 384 1704 scriptura
398 1619 507 1685 eiectis
520 1619 755 1705 posterioribus
769 1619 927 1685 Italorum
941 1622 975 1685 ct
993 1622 1156 1687 erroribus

87 1716 121 1776 et
143 1709 331 1777 commentis
355 1728 394 1773 ea
416 1730 498 1793 quae
521 1707 745 1793 apographum
763 1708 921 1792 praebuit,
943 1709 1157 1795 inquantum

86 1800 156 1865 fieri
173 1799 257 1883 licet,
280 1797 501 1863 restituantur.
537 1798 653 1881 quibus
671 1796 830 1861 restitutis
849 1817 923 1861 cum
941 1798 1060 1863 ueteris
1074 1798 1157 1864 San-

87 1888 244 1975 gallensis
274 1887 382 1972 imago
415 1888 448 1951 et
474 1886 545 1972 ipsa
572 1885 749 1971 deprauata
771 1884 889 1949 euadat
911 1906 1046 1973 cumque
1068 1886 1155 1952 Poli-

86 1979 169 2043 tiani
196 1976 336 2042 conlatio
364 1997 431 2040 non
460 1976 566 2041 minus
594 1996 710 2040 manca
733 1975 785 2057 sit,
807 1974 899 2040 uidm
923 1996 1021 2060 quam
1038 1995 1155 2060 parum

87 2068 159 2131 tuto
182 2064 393 2129 fundamento
417 2064 575 2128 siluarum
596 2063 740 2128 recensio
763 2062 932 2128 innitetur.

174 2151 422 2217 Postulantibus
451 2155 559 2217 autern
585 2152 737 2216 editionis
759 2155 891 2217 nostae
914 2152 1095 2218 rationibus
1116 2158 1156 2219 ut

87 2263 183 2328 quam
202 2240 391 2305 breuissime
410 2243 443 2304 et
461 2240 591 2306 omissis
610 2238 793 2324 minutiis*)
811 2241 960 2306 lectionis
974 2242 1154 2326 antiquitus

85 2330 224 2396 traditae
250 2328 369 2394 notitia
392 2328 536 2408 daretur,
564 2329 652 2393 uiam
679 2328 776 2394 mode
799 2329 1016 2414 significatam
1038 2330 1098 2394 inii
1121 2334 1156 2396 et
1252 2392 1253 2395 ,

88 2418 222 2484 abiectis
255 2417 391 2499 singulis
420 2417 513 2482 libris
544 2417 770 2502 apographum
804 2416 886 2499 illud
921 2418 1154 2484 reconcinnarc

86 2507 205 2590 studui,
228 2528 300 2571 cum
323 2505 514 2589 praesertim
536 2506 701 2592 integrum
724 2509 916 2590 apparatum
939 2507 1087 2572 criticum
1111 2509 1154 2572 ab

86 2619 125 2662 eo
143 2595 290 2660 exhiberi
307 2613 367 2678 par
385 2598 479 2678 esset,
498 2595 554 2679 qui
571 2594 754 2680 colligendo
772 2595 823 2659 illi
840 2614 898 2677 per
915 2595 1036 2660 multos
1050 2617 1154 2661 annos
1251 2628 1252 2677 ἡ

86 2704 219 2770 operam
243 2683 449 2768 studiumque
472 2683 638 2768 impendit.
673 2685 783 2767 itaque
801 2682 975 2748 Imhofium
994 2705 1070 2750 mox
1087 2685 1155 2768 ple·

85 2795 163 2838 nam
186 2769 416 2856 supellectilem
440 2771 538 2838 Statii
560 2772 715 2838 studiosis
736 2771 931 2836 traditurum
953 2791 1024 2837 esse
1047 2792 1155 2855 spera-

84 2883 175 2945 mus3
202 2883 263 2926 nos
291 2860 422 2925 interim
451 2861 613 2926 succincta
644 2863 759 2926 nostra
782 2859 993 2925 adnotatione
1017 2858 1058 2924 ad
1077 2882 1154 2944 pro·
1250 2938 1251 2941 Ἴ

83 2949 247 3016 mouenda
268 2948 349 3015 haec
372 2949 480 3015 studia
502 2949 626 3034 aliquid
649 2949 794 3014 conferre
816 2948 913 3014 nobis
935 2948 1091 3012 uidemur.
1250 2946 1251 3017 ]

174 3037 221 3102 Et
242 3032 323 3103 haec
346 3038 476 3123 quidem
498 3038 538 3103 de
556 3035 770 3123 sangallensi.
805 3055 906 3101 unum
925 3041 1032 3101 autem
1057 3038 1154 3102 silua-
1250 3022 1251 3047 ¹

83 3145 158 3190 rum
185 3143 315 3191 carmen
341 3126 480 3210 reperire
512 3125 607 3190 nobis
636 3125 776 3209 contigit
804 3125 840 3190 in
870 3124 979 3190 codice
1009 3125 1152 3211 antiquo.

85 3236 160 3279 cum
196 3215 282 3280 enim
315 3213 498 3280 Politianus
529 3214 570 3278 ad
599 3213 633 3278 H
664 3215 682 3278 'l
713 3213 916 3278 adnotasset:
952 3213 1070 3279 Inueni
1098 3213 1155 3279 boc

173 3422 287 3493 *)hinc
309 3439 372 3479 rare
395 3423 432 3478 ad
454 3423 534 3480 ottho
570 3423 671 3494 aphica
694 3421 937 3479 commemoranda
955 3421 1100 3490 descendi3
1123 3422 1155 3476 in
1249 3426 1250 3451 ¹

85 3493 186 3562 quibus
204 3494 261 3549 fere
279 3494 383 3564 ubique
402 3493 524 3566 optimos
554 3493 629 3550 ibros
647 3493 735 3550 tacite
753 3510 815 3548 sum
833 3492 954 3548 secutus.
