2517 3925
112 251 131 315 6
233 292 239 303 ,
484 249 514 303 P.
534 250 673 305 PAPINII
692 251 813 307 STATII

109 397 239 483 longius
266 398 420 479 tractum,
449 395 607 479 quaedam
636 399 669 459 et
696 396 730 460 in
758 396 895 481 singulis
926 396 1038 461 diebus
1061 397 1177 481 effusa3

108 505 306 572 quamquam
335 484 434 548 timeo
457 505 499 547 ne
522 506 636 548 uerum
658 484 742 549 istuc
765 506 878 549 uersus
901 507 1028 570 quoque
1051 486 1114 570 ipsi
1138 486 1177 550 de
1190 506 1230 554 20

109 596 143 639 se
165 574 313 658 probent.
357 572 481 654 primus
504 572 632 637 libellus
660 577 902 638 sacrosanctum
925 574 1025 639 habet
1047 577 1178 639 testem:

111 662 302 748 sumendum
325 662 411 725 enirn
435 665 506 725 erat
529 660 564 725 ‘a
586 660 664 725 Ioue
686 660 906 745 principium'.
951 666 1093 727 ceterum
1115 663 1179 728 hos

107 773 234 835 uersus,
268 772 348 834 quos
376 750 411 813 in
445 771 562 833 equum
590 750 766 814 maximum
794 751 868 833 feci,
895 752 1179 835 indulgentissimo

107 840 294 925 imperatori
326 842 456 922 postero
488 838 540 903 die
573 860 670 923 quam
702 839 905 903 dedicauerat
937 861 1018 923 opus
1049 840 1180 904 tradere

108 930 214 993 iussus
235 950 315 993 sum.
354 926 505 1010 ‘potuisti
524 927 620 992 illud’
641 927 725 992 dicet
744 928 860 1013 aliquis
880 927 928 991 ‘et
942 932 1017 992 ante
1032 928 1180 993 uidisse'.
1192 946 1229 995 25

108 1016 319 1102 respondebis
350 1016 397 1079 illi
430 1018 479 1098 tu,
513 1014 614 1080 Stella
647 1017 827 1100 carissime,
858 1017 914 1101 qui
945 1017 1181 1100 epithalamion

107 1111 208 1188 tuum,
227 1104 314 1190 quod
328 1104 409 1167 mihi
421 1104 617 1188 iniunxeras,
637 1106 699 1169 scis
714 1105 812 1169 biduo
828 1106 992 1188 scriptum.
1026 1105 1182 1170 audacter

108 1195 299 1277 mehercles3
323 1192 379 1257 sed
398 1195 508 1256 tamen
526 1197 654 1258 tantum
672 1214 736 1259 aon
754 1192 832 1259 000
846 1193 1050 1258 hexametros
1069 1194 1181 1258 habet.

109 1287 144 1348 at
165 1284 304 1348 fortasse
327 1285 364 1344 tu
387 1302 446 1365 pro
470 1282 595 1366 collega
616 1283 792 1347 mentieris.
833 1281 987 1347 Manilius
1011 1286 1097 1346 certe
1111 1278 1196 1347 Uo?

107 1373 225 1456 piscus,
246 1371 298 1435 nir
320 1370 555 1434 eruditissimus
579 1374 612 1435 et
635 1371 690 1454 qui
707 1371 879 1454 praecipue
902 1371 1045 1435 uindicat
1068 1393 1088 1433 a
1111 1371 1179 1435 situ
1191 1391 1228 1439 30

108 1461 232 1525 litteras
260 1459 325 1522 iarn
352 1479 455 1542 paene
477 1458 650 1545 fugientes,
674 1460 757 1524 solet
779 1459 865 1522 ultro
889 1481 1016 1545 quoque
1044 1460 1180 1524 nomine

107 1570 179 1613 meo
206 1548 364 1633 gloriari,
406 1546 517 1611 uillam
555 1546 762 1611 Tiburtinam
800 1569 891 1611 suam
928 1547 1121 1632 descriptam
1159 1571 1181 1612 a

107 1637 203 1702 nobis
226 1658 292 1701 uno
316 1636 376 1700 die.
422 1636 567 1719 sequitur
589 1635 717 1699 libellus
740 1634 863 1701 Rutilio
878 1634 1003 1701 Gallico
1027 1636 1180 1701 conuale-

109 1726 211 1791 scenti
241 1725 418 1808 dedicatus,
446 1724 486 1788 de
514 1747 577 1808 quo
606 1724 688 1788 nihil
716 1724 801 1808 hoo,
828 1745 870 1788 ne
896 1724 1007 1789 uidear
1035 1724 1181 1789 defuncti

108 1814 200 1879 testis
220 1814 389 1880 occasione
412 1813 552 1878 mentiri.
588 1834 666 1877 nam
680 1810 795 1877 claudi
809 1812 940 1878 Etrusci
953 1814 1180 1878 testimonium
1191 1833 1226 1881 35
1252 1823 1253 1902 l

109 1907 170 1988 est,
201 1904 257 1990 qui
283 1902 470 1968 balneolum
499 1923 518 1966 a
545 1922 596 1966 me
625 1924 719 1967 suurn
746 1902 834 1967 intra
862 1924 986 1968 moram
1009 1924 1107 1968 cenae
1129 1923 1179 1967 re·
1252 1905 1253 1938 r

109 1995 204 2078 cepit
248 1994 284 2057 in
311 1992 375 2055 fine
403 1995 481 2056 sunt
506 1990 672 2056 Kalendae
696 1989 898 2075 Decembres,
928 1992 1044 2076 quibus
1067 1992 1180 2076 utique

109 2080 264 2146 creditur:
286 2085 416 2144 noctem
439 2081 526 2144 enirn
549 2080 639 2144 illam
662 2080 882 2144 felicissimam
905 2085 939 2144 et
954 2081 1178 2164 uoluptatibus
1251 2144 1252 2163 χ

109 2170 247 2254 publicis
270 2170 471 2252 inexpertam
494 2167 652 2233 celebrant.
674 2169 753 2233 aule.
1251 2170 1252 2189 ¹

631 2380 657 2446 Ι.

340 2520 435 2588 EQUS
454 2520 626 2576 MAXIMUS
646 2522 844 2577 DOMITIANI
861 2521 936 2576 IMP.

110 2629 199 2707 Quae
223 2631 473 2715 superimposito
496 2631 597 2696 moles
621 2631 787 2716 geminata
809 2631 934 2695 colosso

111 2719 184 2802 Stat
206 2719 336 2784 Latium
359 2721 525 2805 complexa
547 2720 677 2785 forum?
700 2720 831 2785 caelone
854 2721 1020 2804 peractum

182 3023 216 3072 20
236 3034 407 3088 quamquam
429 3019 517 3074 timeo
540 3019 653 3086 scripsi.-
676 3035 763 3086 quam
781 3017 867 3072 timeo
885 3022 909 3069 Δ
927 3014 1057 3086 quamuis
1075 3015 1179 3071 mimeo

111 3091 152 3158 du
165 3095 199 3144 25
218 3089 310 3145 iussus
329 3108 389 3145 sum
409 3094 440 3144 s':
460 3089 568 3144 iussum
587 3095 604 3141 0
623 3107 640 3140 s
653 3090 711 3213 ”5¹28
726 3089 775 3144 sed
788 3091 900 3143 tantum
913 3091 1009 3143 tamen
1022 3088 1179 3141 exametros
1248 3126 1249 3135 ,

111 3166 129 3213 c
148 3179 172 3228 s,
191 3163 300 3215 correxi
318 3204 325 3216 .
345 3161 394 3216 ssd
416 3162 511 3216 tamen
535 3159 656 3214 COLXX
683 3160 708 3212 Π
729 3159 790 3215 hex.
814 3160 895 3214 Dom.
917 3161 929 3228 t
949 3165 985 3212 29
1005 3159 1037 3211 at
1053 3157 1179 3211 Bernar-

111 3233 181 3286 tius.-
200 3234 229 3286 et
246 3238 291 3285 Ga
306 3234 310 3297 Ι
326 3231 448 3286 Manlius
466 3238 519 3298 cn,
537 3247 607 3284 corr.
627 3230 860 3286 Fricdlocndcmc
872 3232 883 3299 Η
896 3237 930 3284 33
950 3228 1059 3284 Gallico
1077 3245 1180 3283 conua-

111 3303 228 3358 lescenti
245 3303 395 3357 Heinsius:
418 3301 527 3356 Gallico
546 3304 590 3356 est
607 3301 717 3356 uolenti
734 3308 752 3354 ο
770 3300 879 3356 Gallico
898 3300 1005 3355 nolenti
1024 3318 1041 3351 s
1054 3300 1064 3367 ΙΙ
1082 3305 1117 3354 39
1136 3315 1181 3353 co·

111 3374 230 3429 labrant.
240 3374 304 3429 nale
317 3374 488 3428 addidisem.
500 3379 556 3440 ⁰⁸3
568 3373 652 3442 culpo
662 3373 768 3427 habent
777 3372 892 3428 aarum
897 3377 961 3440 post
970 3368 1163 3425 felicissimam

183 3445 203 3500 1.
223 3443 317 3510 Eous
335 3449 371 3497 A:
394 3443 491 3512 Equus
510 3449 527 3495 0
548 3446 552 3510 Ι
572 3442 646 3497 ΙΜΡ.
665 3448 701 3497 A:
720 3443 898 3514 imperatoris
916 3448 933 3494 c
954 3444 966 3511 ΙΙ
990 3450 1002 3494 1
1028 3457 1111 3510 super
1127 3441 1180 3495 im·

111 3515 204 3584 posito
222 3521 267 3568 ca
283 3518 286 3583 Ι
302 3514 445 3584 geminata
462 3532 491 3568 s:
510 3515 654 3584 gemmata
670 3520 694 3567 Δ
713 3520 730 3566 c
