2517 3925
443 200 632 255 SILUARUM
651 200 735 268 L.11‚
754 206 779 255 6.
1101 198 1143 264 5Ἰ

72 345 104 410 Si
122 348 194 410 tam
213 345 295 411 dura
312 347 452 430 placent,
473 344 639 409 hominem
659 345 834 428 exprobret
857 341 901 430 (ei
923 344 1018 409 mihi!
1041 345 1144 412 subdo

70 434 143 517 lpse
168 432 282 521 faces),
304 434 479 519 hominem,
501 432 594 518 Urse,
616 437 719 517 tuum,
742 434 793 498 cui
815 433 908 498 dulce
929 435 1053 500 uolenti
1110 450 1144 499 15

72 522 259 607 seruitium,
282 523 334 588 cui
357 523 451 587 triste
473 522 566 606 nihil,
590 523 645 606 qui
668 525 785 606 sponte
807 522 933 607 sibique

72 610 274 695 Imperiosus
298 615 376 677 eret.
421 611 571 695 quisnam
594 610 677 675 haec
698 610 734 674 in
756 610 872 675 funera
893 611 1011 676 missos

12 714 14 731 ’
73 698 221 785 Castiget
242 700 374 765 luctus?
396 700 499 784 gemit
520 700 607 763 inter
629 699 716 764 bella
737 702 941 783 peremptum

72 786 215 853 Parthus
239 808 368 873 equum,
389 788 534 872 fidosque
557 809 659 880 canes·
673 788 789 853 fleuere
811 787 962 872 Molossi,

12 880 14 943 l
76 874 118 939 Et
140 875 293 942 uolucres
316 877 459 941 habuere
481 897 598 962 rogum
622 898 800 961 cereusque
822 876 999 941 Maronem.
1109 892 1144 943 20

12 972 35 1019 I·
77 963 171 1050 Quid,
194 965 223 1029 si
246 986 305 1030 nec
327 964 492 1030 famulus?
515 966 583 1029 uidi
604 965 676 1049 ipse
699 966 888 1050 animosque
910 966 1025 1029 notaui

78 1052 121 1116 Te
142 1056 275 1117 tantum
299 1054 458 1138 cupientis
481 1075 584 1138 erum3
609 1054 665 1118 sed
688 1054 793 1119 maior
815 1054 851 1118 in
874 1074 930 1120 ore

77 1140 217 1225 Spiritus
242 1145 275 1206 et
296 1144 410 1207 tenero
433 1142 599 1207 manifesti
621 1142 658 1206 in
681 1142 838 1228 sanguine
860 1162 976 1207 mores.

76 1229 236 1313 Optarent
257 1230 397 1295 multum
420 1229 536 1295 Graiae
559 1234 776 1315 cuperentque
798 1230 935 1297 Latinae

78 1316 128 1383 Sic
149 1319 318 1403 peperisse
340 1341 451 1384 nurus.
495 1340 562 1385 non
584 1320 685 1383 talem
704 1317 823 1385 Cressa
845 1319 1019 1405 superbum
1109 1334 1143 1384 eo

77 1404 199 1471 Callida
222 1406 364 1473 sollicito
386 1408 553 1473 reuocauit
574 1406 702 1473 Thesea
723 1408 789 1493 filo,

76 1493 142 1559 Nec
163 1495 260 1561 Paris
285 1495 435 1561 Oebalios
458 1496 535 1560 talis
559 1498 687 1561 uisurus
711 1518 837 1563 amores

60 1583 229 1649 ¹Rusticus
252 1584 373 1650 inuitas
398 1584 514 1649 deiecit
535 1585 570 1648 in
594 1606 736 1669 aequora
757 1587 863 1669 pinus.

77 1670 150 1737 Non
172 1672 253 1737 fallo
278 1676 334 1737 aut
357 1677 472 1738 cantus
496 1677 627 1738 assueta
649 1673 782 1739 licentia
804 1675 908 1741 ducit:

76 1758 150 1825 Uidi
174 1764 209 1825 et
229 1760 335 1825 adhoc
357 1762 461 1845 uideo,
485 1763 614 1847 qualem
637 1783 697 1828 nec
714 1762 802 1827 belle
823 1767 992 1829 canentem
1109 1780 1143 1829 30
1194 1838 1197 1843 ,

76 1847 184 1915 Litore
208 1848 356 1934 uirgineo
380 1850 493 1915 Thetis
517 1851 694 1915 occultauit
714 1850 886 1934 Achillem,

75 1936 143 2004 Nec
166 1938 288 2004 circum
311 1938 401 2004 saeui
423 1938 607 2025 fugientem
627 1940 756 2005 moenie
778 1939 901 2005 Phoebi

76 2026 211 2093 Troilon
231 2026 432 2093 Haemoniae
456 2028 625 2113 deprendit
647 2029 759 2094 lancea
782 2028 922 2094 dextrae.

78 2115 188 2191 Qualis
212 2137 284 2180 eras
302 2117 417 2200 procul
441 2119 495 2181 en!
521 2118 646 2182 cunctis
669 2117 840 2202 puerisque
862 2117 1004 2203 uirisque

76 2202 246 2269 Pulchrior
269 2208 302 2269 et
323 2208 453 2270 tantum
476 2206 609 2271 domino
632 2207 863 2271 minorlillius
885 2227 968 2271 unus
1109 2223 1143 2274 35

78 2293 163 2358 Ante
184 2293 289 2377 decor,
312 2297 469 2378 quantum
491 2294 657 2379 praecedit
679 2295 767 2359 clara
789 2296 930 2361 minores

12 2413 14 2458 p
77 2379 168 2447 Luna
191 2382 280 2446 faces
302 2385 525 2468 quantumque
547 2384 631 2448 ahos
653 2384 772 2467 premit
792 2383 956 2468 Hesperos
978 2385 1081 2471 ignes.

12 2477 13 2486 ’
78 2469 153 2536 Non
174 2470 238 2535 tibi
260 2469 437 2536 femineum
460 2473 555 2536 uultu
578 2471 675 2536 decus
698 2493 818 2556 oreque
841 2495 940 2556 supra

12 2565 14 2642 J
77 2558 185 2624 Mollis
207 2558 311 2624 honos
336 2558 449 2646 (quali,
471 2560 588 2626 dubiae
611 2581 693 2645 quoe
716 2560 851 2625 crimina
873 2562 998 2627 formae

78 2645 124 2710 De
148 2668 227 2713 sexu
250 2649 389 2712 tranche
411 2648 548 2734 iubent),
570 2671 736 2734 paruoque
759 2650 864 2715 uirilis
1108 2667 1143 2717 eo

81 2733 205 2819 Gratia3
229 2755 290 2800 nee
311 2738 462 2820 petulans
486 2739 572 2802 ecies
595 2738 770 2823 blandique
794 2759 908 2804 seuero

79 2967 290 2977 ———-—-

12 3073 14 3158 i
121 3175 127 3186 ·
147 3111 181 3160 14
199 3104 479 3174 exprobratores:
498 3105 588 3176 gemis
601 3111 625 3159 A
648 3112 665 3158 e
684 3121 704 3162 e.
723 3123 751 3161 o.
771 3112 807 3162 ιο
831 3109 835 3175 ι
860 3107 907 3164 hei
921 3127 950 3164 a:
969 3111 1056 3165 hene
1076 3113 1087 3180 p
1109 3116 1142 3164 1e

81 3176 188 3230 sibimet
206 3175 329 3242 Mertl.;
351 3177 447 3230 melica
470 3175 604 3232 Halmius
627 3177 681 3231 sibi
698 3176 758 3246 ipse
772 3181 830 3247 {120
846 3195 931 3250 rogos
945 3183 966 3234 ς
979 3182 984 3248 1
999 3179 1143 3236 Maronem

83 3245 296 3316 emamus:
324 3261 438 3302 marone
466 3253 484 3300 c
510 3247 634 3302 maronis
662 3267 679 3300 c
700 3249 711 3317 l
732 3254 770 3318 2¹⁴
787 3249 950 3319 animosque
967 3251 1008 3306 ed.
1033 3251 1143 3306 Pom..-

81 3316 244 3400 hebltusque
258 3321 303 3369 οι
315 3318 325 3386 ΙΙ
338 3321 371 3372 22
387 3317 523 3387 copientis
538 3319 673 3374 Heinsius
686 3321 696 3387 l
709 3323 744 3374 28
758 3318 877 3376 lboasin
890 3319 996 3374 miricas
1011 3320 1115 3377 Marri
1133 3321 1143 3393 ll

81 3393 111 3442 39
129 3385 207 3456 quelr
222 3388 336 3455 scripsi:
355 3389 446 3458 qualis
465 3395 484 3440 0
501 3407 518 3442 a
536 3391 635 3458 quoles
652 3391 711 3444 edd.
742 3392 747 3458 Ι
773 3406 842 3459 quos
864 3391 977 3457 compsi.-
998 3394 1063 3460 post
1087 3397 1105 3444 c
1127 3410 1144 3445 e

85 3458 240 3514 discrimina
259 3458 364 3512 Morbi.
379 3461 437 3528 {140
454 3475 598 3528 paruoque
617 3460 690 3514 edd:
708 3462 847 3528 toruoque
864 3465 887 3510 Δ
904 3461 1042 3528 toruoque
1061 3466 1079 3513 c
