2517 3925
430 151 618 207 SILUARUM
635 154 668 210 L.
687 153 721 220 Π,
740 158 765 208 5.
998 160 1001 174 '
1087 154 1132 219 55

61 295 103 361 Et
125 299 246 362 tenues
269 294 417 361 Arabum
439 298 602 381 respirant
624 298 770 383 gramine
793 298 924 382 plumae
1099 315 1134 365 ac

63 382 266 469 Sicaniisque
290 385 406 469 crocis3
431 386 521 451 senio
545 386 733 471 nec-fessus
756 387 855 452 inerti

64 471 200 541 Scandit
224 473 376 540 odoratos
399 473 547 540 Phoenix
569 474 694 541 felicior
716 474 830 561 ignes?

578 704 619 769 V.

437 843 508 899 LEO
527 842 759 899 MANSUETUS.

65 967 144 1043 Quid
167 970 231 1035 tibi
255 972 420 1035 constrata
444 992 668 1036 mansuescere
690 970 814 1055 profuit
835 969 906 1035 ira?

66 1055 146 1132 Quid
171 1058 277 1123 scelus
299 1056 521 1143 humanaeque
545 1060 655 1124 animo
679 1059 840 1125 dediscere
863 1059 976 1125 caedes

17 1154 21 1161 '
63 1144 303 1231 Imperiumque
325 1148 396 1231 pati
418 1150 452 1212 et
473 1147 604 1212 domino
627 1170 744 1231 parere
767 1148 907 1214 minori?

64 1232 154 1319 Quid,
180 1235 267 1319 quod
290 1237 379 1301 abire
402 1235 499 1301 domo
522 1258 697 1321 rursusque
720 1238 755 1301 in
778 1238 919 1303 claustra
940 1238 1060 1304 reuerti

64 1320 183 1388 Suetus
207 1327 241 1389 et
265 1347 284 1388 a
307 1328 403 1409 capta
425 1324 491 1389 iarn
514 1327 631 1409 sponte
654 1325 801 1390 recedere
823 1326 943 1409 praeda
1117 1342 1132 1390 ὅ

63 1410 272 1498 insertasque
295 1434 410 1478 manus
435 1414 509 1478 laxo
534 1412 697 1479 dimittere
720 1414 853 1479 morsu?

63 1498 199 1584 Occidis,
224 1501 365 1567 altarum
387 1505 535 1567 uastator
557 1501 652 1567 docte
674 1502 826 1587 ferarum,

63 1586 138 1653 Non
161 1610 262 1674 grege
285 1588 430 1674 Massylo
454 1612 615 1675 curuaque
639 1591 791 1675 indagine
814 1592 951 1676 clausus,

62 1674 138 1742 Non
160 1677 337 1743 formidato
361 1700 458 1761 supra
480 1679 641 1743 uenabula
664 1680 750 1744 saltu

62 1764 189 1831 Incitus
212 1769 270 1830 aut
293 1788 388 1833 caeco
410 1767 524 1832 foueas
547 1768 701 1852 deeeptus
725 1768 831 1851 hiatu,

63 1852 124 1917 Sed
147 1854 255 1919 uictus
279 1854 425 1940 fugiente
448 1855 526 1920 fera.
572 1860 639 1921 stat
661 1856 791 1921 cardine
815 1860 927 1939 aperto

62 1940 183 2008 Infelix
206 1965 314 2028 cauea,
338 1947 370 2009 ct
393 1944 511 2011 clausis
536 1945 657 2010 circum
679 1944 823 2031 undique
846 1945 950 2030 portis

62 2030 134 2097 Hoc
156 2032 288 2098 licuisse
310 2033 404 2098 nefas
427 2034 533 2098 rabidi
554 2038 702 2100 tumuere
725 2035 844 2100 leones.

64 2119 146 2185 Tum
170 2121 296 2186 cunctis
320 2122 461 2187 cecidere
484 2122 588 2206 iubae,
611 2123 789 2207 puduitque
811 2123 951 2188 relatum

64 2207 226 2294 Aspioere‚
249 2213 283 2275 ct
304 2213 392 2276 totas
416 2210 534 2276 duxere
557 2212 592 2276 in
614 2211 740 2276 lumina
762 2211 896 2277 frontes.

66 2297 108 2361 ht
131 2320 201 2363 non
222 2301 256 2385 te
278 2300 384 2382 primo
403 2299 512 2364 fusum
534 2322 641 2365 nouus
665 2300 775 2365 obruit
797 2301 863 2365 ictu

65 2385 121 2450 llle
145 2386 264 2470 pudor:
287 2409 435 2452 mansere
459 2389 568 2470 animi,
591 2389 759 2472 uirtusque
782 2388 911 2454 cadenti

14 2507 15 2552 3
66 2475 94 2538 A
114 2474 224 2540 media
246 2476 312 2540 iam
335 2479 440 2541 morte
463 2476 556 2560 redit,
578 2498 639 2541 nec
661 2478 810 2562 protinus
834 2499 946 2543 omnes

14 2561 15 2576 ³
69 2562 173 2648 'Perga
196 2564 312 2630 dedere
335 2565 451 2628 minae.
498 2565 582 2629 sicut
606 2566 669 2629 sibi
692 2567 838 2631 conscius
862 2567 920 2630 alti

67 2649 218 2717 Uulneris
243 2653 414 2717 aduersum
437 2654 578 2718 moriens
601 2653 629 2718 it
651 2655 743 2718 miles
767 2655 802 2718 in
824 2655 955 2719 hostem
1098 2670 1133 2720 20

68 2740 261 2825 httollitque
284 2764 418 2808 manum
441 2744 474 2806 et
495 2743 583 2807 ferro
605 2743 737 2808 labente
761 2743 918 2808 minatur:

69 2826 118 2896 Sic
140 2830 234 2914 piger
256 2829 310 2894 ille
335 2829 437 2915 gradu
461 2831 621 2915 solitoque
646 2836 760 2895 exutus
782 2832 906 2897 honore

135 3133 169 3254 id
189 3127 383 3254 icnnhhhlrdtd
397 3204 414 3250 ⁰
433 3217 458 3266 a,
477 3213 546 3254 corr.
566 3199 648 3254 Dum.
661 3200 701 3269 ld
720 3199 893 3269 insertasque
915 3205 932 3255 ς
952 3219 981 3254 a:
999 3199 1133 3254 incertas·

72 3286 120 3353 qne
134 3269 174 3352 0·ss
189 3275 222 3324 12
242 3269 402 3351 clausas-
421 3271 518 3338 portas
538 3275 555 3321 ο
574 3289 599 3340 a,
618 3285 689 3352 corr.
699 3269 839 3340 damari]
854 3277 886 3326 13
900 3270 993 3326 rabidi
1005 3272 1133 3325 tumuere

70 3339 507 3480 recalcitraret.
522 3340 834 3481 ldaltlldltoe
862 3340 968 3396 Μ·
996 3339 1133 3397 semia
