2517 3925
370 261 374 268 .
446 214 781 286 audiaantur.

241 362 295 446 Et,
320 361 347 426 si
370 383 434 448 qua
456 361 597 426 laceram
620 360 707 426 diem
730 360 859 444 recepit,

241 451 344 516 Sertis
367 449 521 515 mollibus
540 449 707 534 expleatur
729 449 854 514 umbra.

241 538 379 605 Centum
402 537 590 623 Thespiacis
613 538 715 604 odora
736 537 818 604 lucis

242 627 337 693 Stant
360 627 477 692 altaria
499 627 714 712 uictimaeque
738 639 877 710 centum,

241 716 329 793 Quas
352 715 449 781 Dirce
471 717 563 781 lauat
584 719 642 780 aut
669 716 729 780 alit
751 714 935 782 Cithaeron.

240 805 406 871 Lucanum
430 804 585 889 canimus,
606 804 715 869 fauete
738 804 868 890 linguis,

240 893 361 959 Uestra
383 896 434 958 est
451 894 518 958 ista
535 893 613 978 dies,
637 893 755 978 fauete,
777 892 900 977 Musae,

240 982 329 1047 Dum
351 982 407 1068 qui
429 1004 489 1047 uos
513 981 659 1066 geminas
682 981 760 1046 tulit
780 1002 839 1066 per
862 984 958 1066 artes,

240 1071 286 1136 Et
308 1071 438 1136 uinctae
459 1070 540 1156 pede
564 1071 654 1136 uocis
678 1074 710 1134 et
733 1071 868 1154 solutae,

240 1159 380 1225 Romani
403 1161 519 1226 colitur
541 1159 633 1225 chori
656 1159 817 1225 sacerdos.

239 1247 332 1313 Felix
354 1248 418 1314 heu
440 1249 539 1314 nimis
563 1248 716 1313 et'beata
737 1247 846 1331 telluS,

241 1336 330 1413 Quae
353 1359 475 1421 pronos
497 1336 697 1422 Hyperionis
720 1340 846 1401 meatus

241 1424 383 1491 Summis
408 1427 519 1490 oceani
542 1425 633 1490 uides
656 1425 691 1490 in
714 1425 809 1491 undis

241 1512 481 1599 stridoremque
504 1518 596 1579 rotae
619 1514 764 1580 cadentis
789 1515 890 1600 audie,

240 1602 329 1679 Quae
353 1602 520 1667 Tritonide
542 1603 666 1668 fertiles
689 1600 836 1668 Athenas

239 1690 365 1776 Unctis,
387 1690 528 1776 Baetica,
550 1712 709 1775 prouocas
732 1691 882 1776 trapetis:

239 1778 408 1844 Lucanum
430 1783 523 1865 potes
546 1780 696 1864 inputare
719 1781 826 1845 terris!

239 1867 313 1933 Hoc
335 1869 408 1952 plus
432 1891 530 1953 quam
554 1866 710 1933 Senecam
732 1868 857 1933 dedisse
880 1865 1000 1932 mundo

241 1956 311 2022 Aut
334 1958 460 2023 dulcem
481 1979 655 2043 generasse
678 1955 877 2035 Gallionem„

240 2046 385 2111 Attollat
406 2047 523 2113 refluos
546 2047 581 2111 in
604 2049 694 2111 astra
716 2046 823 2112 fontes

240 2133 338 2201 Graio
361 2136 503 2201 nobilior
525 2135 644 2201 Melete
666 2134 792 2219 Baetis3

240 2222 377 2308 Baetim,
399 2223 545 2308 Mantua,
566 2246 746 2308 prouocare
769 2225 845 2290 noli.

143 2392 148 2399 Ι
241 2310 365 2377 Natum
387 2314 535 2397 protinus
559 2317 657 2398 atque
675 2313 811 2378 humum
833 2313 1019 2399 peripsam

241 2400 351 2466 Primo
373 2424 537 2467 murmure
560 2402 651 2468 dulce
675 2402 862 2487 uagientem

241 2487 369 2555 Blando
392 2487 539 2574 Calliope
562 2492 636 2555 sinu
659 2491 788 2575 recepit.

242 2577 326 2642 Tum
348 2578 489 2663 primum
510 2579 620 2663 posito
643 2580 778 2644 remissa
800 2578 890 2645 luctu

241 2664 371 2751 Longos
394 2665 541 2751 Orpheos
565 2668 653 2732 exuit
676 2667 803 2733 dolores
910 2732 914 2741 ,

241 2753 286 2819 Et
308 2754 401 2819 dixit:
425 2754 523 2841 ‘puer
545 2778 564 2821 o
588 2756 693 2821 dicate
716 2755 832 2840 Music,

240 2841 433 2927 Longaeuos
457 2845 521 2910 cito
544 2845 721 2911 transiture
743 2848 846 2928 uates,

150 3131 187 3180 14
208 3124 332 3181 laceram
356 3126 470 3195 scripsi:
492 3128 573 3195 pater
591 3129 642 3181 aut
659 3130 717 3181 ις
740 3128 822 3197 ptate
839 3129 960 3182 autes
982 3124 1148 3196 pateram&

77 3197 209 3267 patulam
230 3196 335 3251 Marti.
353 3197 365 3266 11
386 3144 1149 3334 11516ῳωί514118ἂποςετα11ἀῐι1201εΐθι11

79 3273 113 3321 24
136 3266 204 3337 heu]
229 3282 246 3322 ο
270 3267 733 3338 ΜανΙιῐ.1251ροιίοηὶεῐι1126
752 3270 844 3335 uides,
864 3270 895 3324 ui
913 3285 946 3323 aar
964 3282 1034 3323 corr.
1052 3266 1122 3320 ian

79 3344 112 3394 28
140 3338 278 3421 tritonide
306 3344 332 3393 et
358 3339 471 3394 athenas
498 3341 607 3409 ι129
636 3339 724 3394 utica
736 3356 837 3421 prouo
857 3336 1058 3407 castrapetisl.
1081 3337 1148 3405 1134

78 3409 245 3466 mtrelebltis
262 3414 283 3461 Ι.
301 3410 312 3478 1
329 3415 364 3465 35
382 3409 464 3465 blrim
482 3416 502 3463 1.
520 3412 530 3479 ss
548 3416 582 3465 36
600 3426 674 3479 aque
692 3416 718 3465 et
734 3428 745 3463 1
765 3428 827 3465 sum
844 3415 864 3461 1.
882 3410 943 3478 1137
962 3408 1084 3478 primum
1101 3413 1122 3463 t
1140 3407 1149 3479 11

79 3485 114 3536 38
134 3480 245 3551 caliope
266 3482 358 3550 Luto
378 3481 466 3536 orfeos
485 3483 612 3550 Aafltl
633 3498 718 3551 puero
769 3498 791 3535 c.
810 3485 830 3531 1.
