2517 3925
412 214 599 272 surranum
617 216 649 272 n.
669 217 717 288 rv,
736 223 760 272 4.

556 448 633 513 IV.‘

210 569 392 625 EPISTOLA
415 570 465 624 AD
487 569 695 625 UIGTORIUM
719 571 957 628 MAAOALLUM.
980 589 982 598 ’

45 697 150 762 Curre
173 719 233 780 per
254 695 419 762 Euboicos
442 718 509 761 non
529 697 649 782 segnis,
672 697 820 782 epistola,
844 719 985 782 campos,

43 785 118 850 Hac
136 785 288 871 ingressa
309 785 389 870 uias,
412 807 476 869 qua
497 785 617 851 nobilis
640 785 750 871 Appia
773 789 888 853 erescit

45 873 89 939 In
110 874 199 938 latus
223 878 256 939 et
277 874 391 939 molles
414 873 538 941 solidus
559 875 680 959 premit
703 895 804 960 agger
827 896 952 940 arenas.

44 963 158 1047 Atque
180 962 237 1028 ubi
259 961 435 1027 Romuleas
458 962 554 1027 uelox
574 963 797 1046 penetraueris
822 984 921 1049 arces,

45 1049 213 1116 Continuo
237 1051 366 1114 dextras
388 1050 465 1114 flaui
487 1055 561 1135 pete
585 1050 760 1134 Thybridis
784 1073 867 1134 oras,
1100 1067 1116 1118 ι

45 1139 154 1224 Lydia
177 1161 242 1225 qua
263 1139 393 1223 penitus
416 1141 569 1224 stagnum
592 1139 709 1205 nauale
733 1140 882 1206 cohercet

44 1228 133 1311 Ripa
156 1227 411 1312 suburbanisque
429 1226 549 1291 uadum
570 1227 772 1330 praetexitur
792 1228 906 1294 hortis.

45 1315 118 1380 Illic
142 1316 310 1401 egregium
332 1315 500 1400 formaque
524 1316 705 1400 animisque
728 1317 853 1383 uidebis

46 1403 237 1470 Marcellum
261 1408 294 1469 et
317 1404 402 1469 celso
425 1403 633 1489 praesignem
656 1405 777 1471 uertice
800 1427 924 1484 nosces.

47 1492 107 1557 Oui
129 1487 273 1577 primum
296 1493 392 1558 solito
415 1493 508 1578 uulgi
530 1491 569 1557 de
591 1515 685 1558 more
706 1494 854 1574 salutem,
1084 1511 1117 1560 10

46 1580 123 1646 Mox
146 1580 275 1646 inclusa
297 1581 401 1646 modis
423 1581 504 1645 haec
527 1580 660 1646 reddere
682 1582 783 1649 uerba
805 1586 983 1649 memento:

49 1669 131 1734 Iam
149 1673 256 1736 terras
278 1670 506 1754 uolucremque
528 1670 641 1753 polum
664 1669 845 1756 degeneris
870 1670 985 1756 aquosi

46 1757 153 1823 Laxat
176 1761 211 1822 et
232 1758 347 1823 Icariis
365 1758 490 1822 caelum
512 1758 688 1824 latratibus
712 1760 790 1842 urit3

45 1846 192 1913 Ardua
182 1869 249 1911 ram
271 1846 389 1912 densae
411 1850 580 1911 rarescunt
602 1847 729 1926 moenia
752 1809 885 1914 Rbmae.

45 1934 116 2002 Hos
139 1935 314 2001 Praeneste
337 1957 473 2020 saonam,
494 1957 610 2001 nemus
632 1935 694 2002 hos
717 1936 853 2023 glaciale
875 1935 1014 2021 Dianae,
1084 1951 1116 2003 15

46 2024 187 2111 Algidus
212 2027 268 2088 aut
289 2013 425 2092 horrens
448 2028 505 2089 aut
490 2023 668 2090 tTuscula
689 2027 834 2112 protegit
855 2026 983 2109 umbra,
1070 2072 1075 2081 ·

46 2113 177 2179 Tiburis
199 2112 236 2178 hi
257 2114 348 2179 lucos
371 2111 563 2198 Anienaque
578 2114 712 2199 frigora
735 2118 877 2201 captant.

47 2200 90 2267 'le
116 2224 245 2287 quoque
268 2202 430 2267 clamosae
453 2223 613 2287 quaenam
636 2202 735 2288 plaga
758 2203 802 2267 mi
803 2204 867 2268 tior
889 2204 962 2271 urbi

47 2289 241 2356 Subtrahit?
278 2290 504 2375 aestiuosque
526 2290 649 2375 decipis
674 2312 746 2357 aere
771 2290 876 2357 soles?

48 2378 130 2455 Quid
153 2384 231 2444 tuus
255 2379 469 2464 antemnis,
490 2383 549 2444 tua
567 2402 644 2445 cura
666 2380 846 2467 potissima,
869 2378 990 2462 Gades,
1079 2397 1113 2447 ιο

47 2466 207 2534 Necnon
229 2472 341 2533 noster
360 2489 451 2532 amor
460 2430 622 2554 (dubium
646 2490 812 2535 morumne
835 2430 1022 2554 probandus

4 2561 5 2570 ’
47 2555 218 2643 Ingeniine
241 2554 351 2640 bonis)
375 2556 478 2622 Latiis
501 2558 673 2624 aestiuat
663 2580 699 2622 ιιι
725 2556 813 2624 oris?

48 2645 144 2710 Anne
167 2644 378 2710 metalliferae
401 2645 551 2729 repetit
541 2668 607 2710 1am
631 2646 759 2712 moenia
782 2645 894 2711 Lunae

49 2731 299 2820 Tyrrhenasque
322 2734 458 2799 domos?
482 2732 617 2820 quod
592 2738 656 2799 ιιι
642 2736 703 2799 tibi
725 2734 891 2819 proximus
914 2735 1061 2819 haeret,

22 2819 122 2886 'Non
146 2842 209 2907 ego
232 2844 318 2887 nunc
336 2826 445 2888 uestro
468 2824 581 2908 procul
604 2846 624 2887 a
643 2845 790 2889 sermone
802 2824 941 2977 reced03
1081 2839 1116 2889 ιι

50 2907 182 2975 Certum
204 2914 265 2995 est,
287 2910 361 3013 inde
385 2934 484 2977 sonus
508 2912 655 2998 geminas
679 2912 809 2977 mihi
781 2913 895 2977 circuit
918 2935 1020 2979 aures.

49 2961 279 3084 Sedtu,du1h
301 2999 401 3065 nimio
424 3022 575 3087 possessa
596 3000 786 3085 Hyperione
809 3001 928 3087 flagrat

116 3316 165 3371 IV.
185 3316 313 3371 Titulum
330 3318 370 3371 cic
387 3318 487 3373 babeat
505 3321 528 3369 A
547 3318 617 3387 0ιὸ
636 3316 698 3371 illic
718 3321 736 3372 ς
755 3336 784 3371 a:
803 3317 892 3373 Illac
919 3320 928 3386 ΙΙ
943 3323 975 3372 10
994 3314 1116 3385 primam

50 3387 108 3454 da,
126 3403 197 3443 corr
218 3393 237 3441 ς
250 3389 261 3457 ι
275 3393 308 3442 13
327 3387 477 3443 latratibus
496 3392 514 3442 ς
533 3406 561 3441 a:
581 3387 750 3443 latrantibus
770 3390 810 3457 0ss
825 3394 857 3442 1⁷
872 3388 1025 3455 antenaque
1046 3391 1063 3439 ς
1083 3404 1113 3440 a:

94 3474 205 3528 enaque
223 3461 264 3529 οι
279 3464 312 3514 18
331 3460 426 3515 malim
443 3477 510 3514 num
529 3476 602 3529 quae
615 3460 625 3528 ι
639 3464 673 3513 22
693 3458 836 3529 Ingeniine
854 3462 890 3511 A:
908 3456 1052 3526 Ingeniiue
1072 3463 1089 3510 0
