2517 3925
99 223 162 290 132
465 218 796 276 emarcueram
901 199 903 204 '

97 369 190 434 Mens
213 367 311 449 uidet,
333 367 426 430 illum
450 365 556 450 aegris
580 363 758 429 eueumdat
778 364 909 429 fortiter
930 363 1015 429 ulnis

97 458 255 522 Immotos
279 456 417 521 obuersa
440 473 549 540 genas,
572 474 632 518 nec
656 454 723 518 sole
746 473 896 537 supremo

98 545 246 627 Lumina,
269 544 325 610 sed
348 543 433 607 dulci
455 543 580 607 mauult
603 542 722 607 satiare
745 541 872 606 marito.
1120 557 1177 606 175

97 634 188 698 Tunc
212 634 259 698 sic
281 633 472 697 unanimum
494 631 635 696 moriens
660 631 784 695 solatur
807 632 987 694 amantem:

99 722 191 787 ‘Pars
215 724 344 788 animae
367 721 493 785 uictura
514 741 614 804 meae,
638 719 689 784 cui
710 719 857 804 linquere
880 739 1010 802 possem

99 810 127 876 0
150 811 284 895 utinam,
309 831 389 895 quos
412 809 494 873 dura
515 808 597 873 mihi
618 808 706 891 rapit
729 806 888 891 Atropos,
912 827 1027 871 annos:

98 900 210 983 Parce,
233 921 354 985 precor,
377 898 528 981 lacrimis,
552 917 649 961 saeuo
672 917 734 961 nec
755 898 890 961 concute
912 895 1046 979 planctu

97 987 245 1073 Pectora,
267 1009 327 1054 nec
349 987 458 1052 crucia
479 986 659 1070 fugientem
682 985 829 1069 coniugis
852 984 1009 1048 umbram.
1121 999 1176 1048 180

98 1075 227 1163 Linquo
246 1076 394 1162 equidem
412 1075 574 1140 thalamos
593 1070 699 1160 (saluo
717 1075 828 1138 tamen
847 1071 973 1159 ordine)
992 1075 1135 1138 maestos
1252 1111 1253 1168 q

99 1165 192 1242 Quod
215 1167 316 1251 prior:
339 1164 432 1248 exegi
454 1163 555 1247 longa
577 1163 709 1246 potiora
732 1165 860 1228 senecta

100 1254 276 1338 Tempora3
300 1253 366 1317 uidi
392 1251 481 1317 omni
503 1251 628 1334 pridem
650 1255 684 1315 te
707 1251 784 1330 dore
807 1251 974 1334 nitentem,
1251 1173 1253 1332 i

98 1341 175 1407 Uidi
200 1343 284 1406 altae
306 1340 441 1424 propius
464 1340 661 1425 propiusque
685 1339 834 1404 accedere
857 1338 996 1404 dextrae.
1053 1367 1057 1370 ·
1252 1337 1253 1370 ¹

98 1429 175 1496 Non
196 1431 232 1494 in
254 1433 288 1494 te
311 1429 398 1513 fatis,
420 1450 488 1493 non
510 1429 577 1493 iam
602 1427 795 1494 caelestibus
818 1428 894 1493 ullis
1121 1443 1175 1492 185

98 1519 296 1584 Arbitrium:
319 1539 445 1582 mecum
467 1518 532 1582 ista
553 1518 632 1582 fero.
668 1522 706 1582 tu
728 1517 832 1582 limite
855 1521 969 1602 coepto

99 1607 209 1673 Tende
231 1609 337 1672 libens
361 1628 552 1691 sacrumque
574 1608 661 1672 latus
685 1608 877 1692 geniumque
900 1610 1068 1690 potentem

98 1695 302 1782 inrequietus
325 1718 408 1762 ama.
443 1717 539 1780 nunc,
561 1697 648 1781 quod
670 1696 761 1780 cupis
784 1697 854 1780 ipse
876 1696 987 1780 iuberi,

7 1852 8 1855 ,
98 1784 151 1850 Da
174 1786 357 1870 capitolinis
381 1788 547 1850 aeternum
571 1785 700 1850 sedibus
724 1807 849 1869 aurum,

99 1874 170 1950 Quo
194 1876 297 1940 niteat
321 1875 404 1940 sacri
427 1879 561 1939 centeno
584 1874 726 1958 pondere
748 1874 857 1939 uultus
1121 1890 1174 1940 190

99 1961 258 2050 Caesaris,
282 1968 315 2029 et
331 1965 482 2049 propriae
505 1964 613 2050 signes
638 1963 779 2029 cultricis
803 1982 955 2029 amorem.

98 2051 152 2118 Sic
176 2074 236 2139 ego
260 2076 320 2119 nec
343 2052 457 2118 Furias
481 2074 540 2117 nec
563 2052 723 2117 deteriora
745 2052 861 2117 uidebo

98 2141 237 2206 Tartara
260 2146 292 2206 et
314 2141 446 2225 Elysias
469 2142 549 2205 felix
573 2142 727 2205 admittar
749 2142 783 2205 in
807 2140 901 2206 oras'

97 2228 189 2295 Haeo
211 2230 290 2294 dicit
313 2231 425 2294 labens
450 2231 618 2315 sociosque
641 2230 848 2313 amplectitur
870 2233 959 2294 artus
1111 2290 1126 2301 ,

98 2317 361 2404 Haerentemque
384 2319 528 2382 animam
550 2340 618 2384 non
641 2319 745 2384 tristis
768 2319 804 2383 in
827 2340 885 2383 ora
907 2318 1017 2383 mariti
1119 2334 1170 2383 195
1251 2324 1252 2391 l

98 2405 278 2471 Transtulit
302 2411 334 2471 et
356 2429 432 2472 cara
454 2408 574 2491 pressit
596 2430 655 2473 sua
677 2408 802 2471 lumina
824 2407 945 2471 dextra.
1251 2424 1252 2429 ’

97 2493 144 2559 At
164 2496 292 2560 iuuenis
315 2515 435 2579 magno
458 2494 642 2561 flammatus
665 2499 796 2579 pectora
822 2495 910 2560 luctu

97 2581 193 2648 Nunc
215 2584 330 2669 implet
352 2605 450 2649 saeuo
473 2585 588 2650 uiduos
611 2586 752 2649 clamore
774 2588 918 2668 penates,

96 2668 192 2737 Nunc
214 2672 337 2737 ferrum
359 2673 469 2740 laxare
493 2674 589 2758 cupit,
611 2694 699 2737 nunc
722 2673 823 2737 ardua
844 2672 950 2736 tendit

96 2759 136 2823 In
159 2762 230 2826 loca
253 2758 323 2847 (uix
344 2762 487 2826 retinent
508 2759 666 2847 comites),
688 2782 775 2825 nunc
798 2782 853 2825 cre
875 2760 978 2846 ligato
1114 2776 1168 2825 noc

96 2848 235 2914 Incubat
258 2851 395 2915 amissae
418 2872 623 2935 mersumque
646 2850 682 2914 in
705 2850 800 2914 corde
823 2849 967 2914 dolorem

97 2934 219 3003 Saeuus
244 2938 312 3024 alit,
334 2940 438 3024 qualis
462 2942 633 3022 conspecto
658 2938 803 3023 coniugis
827 2938 896 3023 igni

96 3152 310 3161 ψ*

168 3296 218 3343 17⁷
250 3288 355 3359 possim
383 3293 443 3356 ea,
471 3304 541 3343 corr.
571 3288 676 3343 Marti.
704 3290 713 3357 ΙΙ
741 3292 791 3341 181
818 3288 921 3343 mestos
948 3292 983 3341 A:
1011 3287 1096 3343 mritis
1124 3290 1170 3342 uel

95 3359 212 3414 moestia
231 3364 249 3410 0
267 3358 358 3413 noctis
377 3360 484 3427 511189
503 3359 546 3413 Da
564 3364 595 3413 ῦς
614 3359 657 3414 Dc
676 3364 694 3412 ς
713 3375 730 3410 a
747 3360 759 3427 ΙΙ
772 3362 823 3413 190
842 3358 951 3414 niteant
970 3358 1167 3427 Mescidium

95 3428 189 3497 signet
207 3434 224 3479 c
246 3447 271 3497 a,
290 3431 405 3484 cortem.
425 3429 507 3498 signa
522 3430 627 3485 Morti.
642 3430 717 3499 11202
737 3428 790 3483 alit
808 3429 929 3484 Marti:
948 3428 1067 3498 agites
1082 3432 1086 3498 Ι
1103 3446 1170 3484 con-

95 3500 192 3568 specta
209 3501 328 3569 coniuge
346 3499 437 3568 segnis
456 3504 474 3550 0
492 3518 517 3567 a,
536 3516 605 3556 corr.
623 3500 762 3556 Bartlsiae
