2517 3925
124 246 167 313 50
495 247 526 301 P.
545 247 684 303 PAPINII
703 244 826 303 suern

122 390 293 458 Deseruire
317 392 411 457 bonis
435 412 624 477 semperque
649 396 761 476 optare
783 391 905 475 parati,

124 480 314 566 Spargimur
336 480 372 545 in
394 502 503 546 casus:
531 482 677 546 celsata
700 480 818 546 mentis
842 480 883 544 ab
906 500 979 544 arce

122 569 271 654 Despicis
296 572 439 634 errantes
462 569 668 654 humanaque
692 568 810 655 gaudia
831 568 926 633 rides.

123 656 264 742 Tempus
288 661 368 741 erat,
389 678 462 722 cum
484 660 517 723 te
541 658 688 744 geminae
712 656 867 742 suffragia
889 661 995 720 terrae

122 746 313 832 Diriperent
335 746 502 831 celsusque
527 746 607 811 duas
631 746 785 811 ueherere
807 767 867 830 per
888 743 995 830 urbes,

121 833 201 899 Inde
224 833 412 900 Dicarcheis
436 835 575 900 multum
597 834 780 899 uenerande
802 834 934 917 colonis,

123 922 210 989 Hinc
234 923 355 988 adscite
379 924 470 1007 meis,
493 923 679 1009 pariterque
701 923 754 988 his
777 922 887 1007 largus
911 925 945 985 et
966 922 1030 986 illis

122 1012 171 1077 Ac
193 1012 334 1077 iuuenile
358 1012 466 1077 calens
489 1012 669 1096 plectrique
693 1033 799 1076 errore
824 1009 990 1095 superbus.

122 1102 168 1165 At
190 1122 277 1167 nunc
300 1100 445 1166 discussa
468 1122 576 1165 rerum
600 1100 738 1185 ealigine
761 1122 875 1166 uerum

122 1188 252 1272 Aspicis
276 1188 348 1273 (illo
373 1188 428 1253 alii
451 1210 562 1253 rursus
585 1188 746 1254 iactentur
768 1188 804 1254 in
825 1189 892 1253 alto
900 1184 932 1273 1),

122 1276 167 1341 Et
189 1280 246 1341 tua
270 1298 400 1341 securos
423 1280 537 1360 portus
560 1278 786 1362 placidamque
809 1277 952 1361 quietem

121 1364 263 1430 Intrauit
284 1386 351 1431 non
375 1386 493 1449 quassa
517 1365 606 1431 ratis.
653 1366 698 1430 sic
721 1386 903 1450 pergenae
925 1387 1080 1451 umquam

122 1454 304 1519 Emeritam
326 1453 361 1517 in
383 1457 513 1519 nostras
541 1476 683 1539 puppem
706 1454 840 1519 demitte
862 1454 1030 1537 procellas.

121 1541 233 1607 Uiuite
256 1540 368 1625 securi,
391 1564 528 1627 quorum
551 1543 590 1607 de
613 1546 745 1626 pectore
768 1543 888 1606 mixtae

122 1629 162 1694 In
184 1629 320 1716 longum
344 1631 447 1695 coiere
469 1630 557 1696 faces
581 1635 777 1715 sanctusque
799 1630 935 1715 pudicae

124 1717 240 1783 Seruat
263 1718 424 1784 amicitiae
447 1720 536 1804 leges
560 1741 660 1784 amor.
706 1719 750 1783 ite
773 1741 832 1804 per
854 1740 958 1784 annos

123 1806 321 1894 Saeculaque
346 1811 378 1873 et
400 1808 526 1895 priscae
549 1808 664 1874 titulos
688 1808 870 1892 praecedite
892 1807 1008 1871 famae.

122 1896 244 1983 Tuque,
265 1918 365 1963 nurus
388 1897 474 1961 inter
496 1897 595 1983 longe
641 1944 1023 1961 ........

123 2035 557 2052 .........
602 1984 793 2070 praecordia
815 2004 919 2069 curae,

121 2071 197 2139 Non
219 2075 362 2140 frontem
386 2097 514 2140 secuere
537 2076 656 2159 minae,
679 2073 735 2138 aed
758 2073 894 2139 candida
917 2095 1044 2158 semper

123 2160 249 2228 Gaudia
272 2163 362 2227 etin
384 2165 477 2229 uultu
501 2185 650 2229 curarum
673 2163 789 2248 ignara
810 2162 977 2246 uoluptas3

122 2249 198 2316 Non
220 2251 281 2334 tibi
305 2253 463 2336 sepositas
486 2251 600 2317 infelix
623 2249 808 2336 strangulat
830 2272 905 2316 arca

120 2337 262 2406 Diuitias
287 2341 413 2406 auidiue
437 2340 581 2406 animum
604 2340 773 2424 dispendia
794 2343 948 2425 torquent

121 2426 271 2494 Teneris:
295 2430 434 2514 expositi
457 2451 572 2496 census
596 2432 629 2494 et
651 2428 748 2495 docta
769 2427 896 2493 fruendi

123 2515 317 2602 Temperies.
363 2540 431 2584 non
453 2519 519 2584 ulla
541 2519 602 2583 deo
625 2517 758 2583 meliore
781 2516 955 2582 cohaerent

122 2605 268 2691 Pectora,
290 2629 359 2673 non
383 2607 463 2672 alias
488 2607 594 2671 decuit
617 2605 789 2671 concordia
811 2608 945 2669 mentes.

194 2910 244 2958 135
263 2909 334 2972 pato
353 2908 483 2960 uenerate
501 2906 576 2974 11137
595 2904 759 2974 patriaeque
778 2919 870 2958 errore
889 2902 1058 2973 Mudaipias
1075 2903 1196 2974 plectri·
1248 2968 1249 2973 ἵ

122 2990 176 3044 que
195 2975 293 3030 decore
314 2976 418 3030 Marti.
438 2978 448 3045 ΙΙ
466 2981 517 3030 139
536 2976 678 3030 iactantur
697 2980 715 3025 ο
733 2992 758 3042 a,
779 2989 848 3028 corr.
867 2973 1006 3029 Bartlrias
1026 2977 1037 3043 l
1062 2979 1113 3029 140
1131 2977 1196 3045 pla·
1248 2988 1249 3019 l

122 3045 315 3115 eidemque-r
337 3051 367 3099 οι
388 3045 576 3116 blandamque
597 3045 616 3098 ς
638 3047 649 3113 [Ι
672 3050 722 3098 142
746 3044 864 3100 demitte
880 3049 918 3099 A:
941 3044 1195 3116 dimittccq143

120 3116 215 3172 Uiuite
234 3120 266 3171 ςε
291 3115 398 3171 Discite
417 3123 434 3169 c
453 3135 470 3170 a
492 3116 593 3186 Degite
616 3115 650 3170 L.
671 3116 835 3185 Poletcrasl
853 3121 904 3174 147
923 3115 1008 3186 longe
1025 3118 1197 3185 praecordia

121 3205 202 3243 curae
221 3192 283 3256 ⁰=a3
302 3187 379 3242 cuius
396 3187 559 3257 praecordia
573 3203 656 3241 curae
674 3186 754 3241 Dum.
778 3186 862 3256 longe
884 3186 1095 3256 pulcherrima,v
1110 3187 1195 3256 ouius

120 3260 278 3324 duantum
306 3259 435 3313 lucanam
460 3259 548 3312 statui
574 3259 584 3328 u
616 3261 667 3312 148
697 3273 809 3313 secuere
834 3259 896 3323 (ael
923 3258 1045 3327 laesere)
1075 3259 1197 3327 carpsi:

120 3345 232 3384 nascere
246 3335 290 3382 (ta
308 3331 417 3384 uertere
434 3329 515 3384 Dom.
534 3331 644 3385 traxere
662 3329 820 3399 Heineiuol
835 3334 884 3384 151
904 3329 1017 3384 auidius
1034 3328 1193 3396 Boethium

122 3401 216 3454 malim
235 3400 390 3469 auidaeque
404 3402 413 3470 ΙΙ
428 3404 480 3456 154
498 3399 593 3456 docuit
611 3406 629 3453 0
648 3419 673 3470 a,
692 3415 760 3456 corr.
781 3404 811 3466 5;
831 3417 871 3455 aa
889 3399 977 3454 coluit
995 3398 1076 3455 Conc.
1096 3398 1112 3454 3
