2517 3925
341 772 343 775 ’
388 823 694 914 ameum
727 826 912 913 annun

303 988 336 1088 S
390 988 421 1086 I
477 988 518 1086 L
566 985 617 1087 U
669 987 718 1084 A
771 986 817 1082 R
869 983 914 1085 U
963 983 1053 1141 Μ

495 1153 717 1222 LIBER
752 1157 820 1223 ΙΙΙ.

593 1337 726 1346 —-..-.—.

402 1469 553 1529 suerrus
578 1471 716 1528 romro
733 1471 814 1529 suo
844 1472 920 1526 sna.
1024 1427 1028 1432 ¹

214 1618 289 1684 Tibi
304 1622 398 1703 certe,
416 1617 500 1684 Polli
513 1617 699 1683 dulcissime
719 1620 752 1682 et
768 1617 831 1682 hac
846 1617 896 1681 oui
910 1619 981 1696 tam
992 1609 1130 1681 fideliter
1148 1617 1198 1682 in·
1222 1631 1238 1681 5

124 1709 238 1773 haeres
262 1707 369 1792 quiete
393 1707 596 1793 dignissime,
623 1727 690 1771 non
717 1705 822 1771 habeo
846 1705 901 1769 diu
923 1704 1126 1788 probandam
1156 1706 1197 1770 li-

127 1797 285 1861 bellorum
308 1796 445 1861 istorum
467 1795 695 1879 temeritatem,
719 1815 791 1858 cum
815 1794 897 1858 scias
921 1794 1041 1858 multos
1066 1814 1104 1857 ex
1126 1794 1197 1859 illis

123 1886 157 1949 in
186 1885 260 1949 sinu
287 1888 345 1950 tuo
373 1885 482 1950 subito
509 1888 605 1949 natos
634 1886 667 1947 et
693 1882 777 1946 hanc
805 1881 974 1946 audaciam
997 1882 1064 1946 stili
1086 1883 1197 1946 nostri
1248 1913 1249 1936 κ

125 1974 310 2059 frequenter
343 1974 526 2059 expaueris,
558 1973 709 2058 quotiens
740 1972 775 2036 in
800 1971 889 2035 illius
917 1970 1089 2035 facundiae
1116 1975 1197 2035 tuae

122 2063 304 2145 penetralia
332 2062 480 2127 seductus
509 2062 607 2126 altius
641 2060 768 2125 litteras
801 2060 887 2124 intro
916 2060 1012 2124 etin
1038 2060 1146 2124 omnis
1175 2076 1233 2125 at

121 2155 155 2214 te
179 2150 359 2215 studiorum
383 2151 473 2214 sinus
496 2149 603 2215 ducor.
639 2169 773 2213 securus
792 2149 899 2232 itaque
922 2148 1038 2212 tertius
1060 2148 1115 2212 hic
1138 2148 1198 2212 sil-

123 2259 238 2303 uarum
260 2242 448 2304 nostrarum
471 2238 555 2303 liber
577 2238 618 2303 ad
641 2241 673 2301 te
697 2238 846 2301 mittitur.
882 2236 1041 2301 habuerat
1064 2236 1199 2321 quidem

123 2330 156 2390 et
183 2325 341 2391 secundus
368 2330 499 2410 testem,
527 2325 583 2390 sed
610 2325 665 2390 hic
692 2326 792 2389 habet
814 2329 987 2390 auctorem.
1029 2346 1107 2389 nam
1130 2326 1198 2408 pri-

125 2437 214 2479 mum
242 2414 343 2478 limen
373 2414 441 2479 eius
467 2413 624 2480 Hercules
653 2412 862 2478 Surrentinus
891 2414 1006 2497 aperit,
1035 2434 1132 2498 quem
1160 2415 1198 2477 iu

124 2502 221 2568 litore
249 2506 306 2568 tuo
334 2507 570 2586 consecratum,
594 2502 707 2567 statim
730 2505 767 2565 ut
788 2501 942 2585 uideram,
965 2501 1017 2566 his
1044 2502 1196 2566 uersibus
1219 2519 1232 2566 1

124 2591 268 2657 adoraui.
310 2593 454 2676 sequitur
475 2592 619 2672 libellus,
650 2612 714 2675 quo
737 2589 1035 2674 splendidissimum
1059 2593 1092 2654 et
1113 2590 1199 2655 mihi

123 2680 387 2747 iocundissimum
410 2681 573 2765 iuuenem,
595 2677 732 2743 Matium
755 2676 908 2762 Celerem,
931 2700 951 2743 a
974 2678 1198 2744 sacratissimo

124 2770 321 2852 imperatore
349 2769 486 2835 missum
518 2768 558 2833 ad
585 2767 749 2852 legionem
779 2764 963 2850 Syriacam,
995 2767 1071 2850 quia
1104 2768 1199 2852 sequi

123 2879 189 2922 nou
211 2861 373 2943 poteram,
401 2858 446 2922 sic
468 2859 658 2942 prosecutus
683 2877 763 2919 sum.
804 2855 990 2919 merebatur
1012 2858 1045 2919 et
1067 2852 1200 2920 Claudii

122 2945 254 3010 Etrusci
282 2947 347 3010 mei
375 2947 481 3031 pietas
510 2944 641 3029 aliquod
670 2965 709 3007 ex
737 2943 852 3008 studiis
880 2943 1001 3008 nostris
1031 2941 1234 3027 solatium,2

58 3041 61 3048 '
87 3036 90 3043 '
123 3056 196 3099 cum
227 3035 355 3119 lugeret
383 3036 469 3100 ueris
500 3033 600 3120 (quod
629 3033 695 3096 iam
723 3031 927 3096 rarissimum
955 3029 1020 3118 est)
1050 3031 1198 3098 lacrimis

195 3243 236 3298 In
253 3244 334 3299 titolo
348 3243 467 3298 salutem
481 3247 505 3295 Δ
519 3248 536 3294 c
550 3244 589 3312 119
605 3241 752 3311 expauerie
765 3248 788 3293 Δ
803 3245 833 3293 c:
854 3256 991 3309 expaueas
1007 3245 1025 3296 ς
1039 3241 1049 3311 ll
1064 3245 1096 3295 10
1110 3258 1200 3310 pene·
1248 3256 1249 3307 1

122 3314 190 3368 trali
213 3318 237 3366 A
260 3319 286 3382 c,
303 3329 372 3368 corr.
392 3314 432 3367 ed.
453 3313 548 3367 Parm.
572 3312 724 3382 penetrale
739 3312 900 3366 Polittauuc
924 3313 928 3379 Ι
954 3312 1057 3381 omnis]
1081 3310 1201 3367 intimos
1248 3324 1249 3337 ¹

121 3384 274 3448 Boethium
289 3384 385 3451 polim
401 3384 473 3437 imos
486 3384 497 3452 l
511 3389 544 3436 13
558 3388 630 3452 puto
649 3384 678 3437 te
697 3384 798 3437 testem
817 3384 826 3451 ΙΙ
844 3388 878 3435 21
898 3381 955 3435 iam
973 3382 1063 3436 rariss.
1082 3384 1201 3450 scripsi:

123 3453 360 3506 amansiinumo
379 3471 396 3505 a
413 3452 503 3509 rarisa
525 3460 542 3507 ς
