2517 3925
431 222 603 279 EDITORIS
621 224 837 280 PRAEFATIO.
1121 246 1159 282 xv

79 369 147 433 fere
171 368 227 453 fit,
249 367 353 433 nimio
377 368 516 454 quodam
539 370 650 434 omnia
672 369 863 435 defendendi
886 369 994 436 studio
1018 370 1155 455 abripie-

79 458 188 540 batur,
215 457 266 521 ita
296 456 365 528 eius
387 458 570 542 pedissequi
594 479 691 542 saepe
712 462 781 522 tam
803 480 955 542 peruerse
977 459 1156 525 lectionum

82 569 99 610 a
121 545 220 611 codd.
243 545 461 612 exhibitarum
484 547 662 611 extiterunt
683 549 814 632 patroni
836 551 870 612 et
889 546 1155 614 Marklandianae

80 635 208 700 scilieet
236 635 413 700 temeritati
445 635 662 721 audaciaeque
696 636 828 701 obuiam
855 636 952 701 eundi
979 637 1156 721 cupiditate

81 745 117 788 eo
140 724 315 809 progressi
338 728 415 788 sunt
436 727 473 789 ut
494 724 666 809 primarias
690 725 770 789 artis
793 724 925 790 criticae
946 726 1076 810 regulas
1099 724 1156 789 ha-

80 812 231 877 berent
221 832 354 896 insuper
376 816 409 876 et
432 800 587 896 Statium,
613 812 800 914 quicquid
789 835 826 877 m
846 814 981 879 buccam
1002 814 1157 894 uenisset,

83 900 255 984 scripsisse
289 922 398 967 secure
429 900 631 965 affirmarent
662 901 806 985 salisque
832 901 900 966 fere
926 902 1097 986 haberent,
1129 902 1158 965 si

82 989 252 1057 uocabula
270 989 417 1076 legerent
417 1011 455 1053 ur
402 988 534 1053 tt‘lu
510 992 588 1053 tma.
622 989 709 1055 hanc
732 989 967 1075 interpretandi
988 1012 1026 1053 ra
1026 951 1157 1072 timiam,

82 1078 115 1141 in
138 1099 208 1161 qua
231 1078 326 1141 multi
347 1078 444 1143 hodie
467 1077 529 1143 sibi
551 1078 698 1161 placent,
725 1100 798 1143 cum
827 1078 978 1162 plurimis
1001 1078 1155 1161 exemplis

81 1165 184 1231 liceat
205 1166 390 1250 inlustrare,
414 1166 477 1231 duo
500 1187 660 1249 promam
682 1166 755 1231 sila
768 1165 835 1231 Va
836 1166 986 1251 ‚.54sqq
1003 1167 1156 1252 legimus:

652 1325 881 1393 (penantnsque
846 1340 881 1379 ne

247 1393 392 1448 Fluctibus
409 1392 531 1448 occiduis
550 1392 857 1464 fessoquellyperione
921 1394 987 1450 ulen

247 1464 363 1519 Intrarit
379 1464 514 1519 mandata
531 1478 640 1533 gerens.

82 1609 226 1673 habetur
248 1608 330 1673 illud
353 1607 549 1694 ‘negantem'
572 1608 609 1672 in
630 1608 720 1674 codd
744 1609 903 1673 omnibus.
934 1609 1021 1693 quod
1042 1613 1082 1673 ιιι
1102 1609 1155 1673 de

83 1696 242 1781 fonderet,
264 1696 421 1763 Imhofius
444 1697 479 1761 in
501 1696 687 1780 scriptionis
710 1698 898 1763 scolasticae
914 1697 1009 1762 Halia
1026 1698 1155 1763 ae1867

84 1786 191 1850 editae
213 1807 269 1870 pp.
282 1786 380 1850 -2-—4
406 1784 544 1850 adducta
572 1785 792 1869 exemplorum
814 1785 900 1849 nube
933 1785 1076 1850 ostendit
1107 1782 1155 1871 (id

83 1874 172 1959 quod
186 1874 334 1940 nemoin
351 1874 458 1959 poetis
473 1874 586 1938 latinis
602 1874 658 1938 uel
676 1874 782 1938 obiter
794 1875 943 1938 uersatus
956 1872 1155 1957 ignorabat),

84 1963 220 2048 ‘negare
235 1963 343 2028 alicui'
358 1964 538 2048 significare
557 1960 677 2027 ‘officia
689 1963 789 2027 alicui·
800 1959 998 2026 detrectare'.
1028 1963 1155 2027 reiectis

82 2053 186 2138 igitur
208 2050 345 2116 Auantii
368 2057 401 2116 et
419 2050 556 2118 Domitii
579 2050 770 2116 commentis
794 2050 946 2138 (quorum
968 2051 1023 2115 ille
1045 2050 1156 2116 rectis-

85 2142 169 2206 sime
194 2139 412 2225 ³nigrantem’,
438 2141 492 2205 bic
519 2160 619 2225 praue
648 2139 837 2204 ³natantem'
861 2137 1057 2225 coniecerat)
1080 2140 1156 2204 reti-

83 2228 226 2293 nendam
250 2228 332 2294 dixit
352 2229 510 2294 librorum
534 2229 729 2312 scripturam
755 2228 990 2314 legendumque
1012 2228 1154 2294 remedio

83 2316 210 2382 scilicet
243 2316 366 2383 leniore
404 2317 594 2402 ‘negantem
625 2316 798 2383 Fluctibus
830 2317 971 2382 occiduis
1005 2316 1155 2401 fessoque

82 2403 272 2489 Hyperioni
302 2405 454 2489 Thulen'3
491 2427 622 2470 securus
654 2406 720 2470 illa-
746 2406 924 2472 sententiae
956 2405 1053 2489 plane
1084 2426 1156 2488 per·

82 2515 214 2576 uersac3
235 2515 340 2579 neque
363 2495 449 2559 enim
471 2493 576 2558 Thule
593 2493 737 2578 Phoebo,
759 2495 815 2560 sed
837 2493 890 2558 hic
912 2495 1027 2578 utpote
1049 2493 1154 2557 fessus

81 2583 196 2666 potius
217 2582 267 2647 illi
289 2582 429 2668 denegat
451 2582 567 2667 officia,
589 2582 675 2647 unde
697 2583 818 2668 legitur
834 2581 885 2650 HI
906 2581 938 2664 5,
955 2583 1000 2646 20
1023 2579 1156 2663 ‘Hespe-

81 2671 151 2736 riae
178 2671 265 2735 uada
292 2671 469 2756 caligantia
495 2669 629 2736 Thules'
657 2675 691 2736 et
712 2669 760 2735 IV
782 2672 814 2755 4,
836 2671 880 2735 62
907 2669 1032 2756 ‘nigrae
1059 2669 1156 2733 litora

82 2757 228 2824 Thules'.
274 2758 365 2824 uides
393 2760 470 2845 quid
493 2758 597 2826 Statio
625 2759 804 2844 imputeter
830 2759 872 2823 ab
900 2758 1031 2842 eisqui
1052 2757 1157 2822 uerba

80 2847 292 2913 solummodo
320 2851 472 2932 spectant
499 2849 617 2933 quique
644 2871 724 2913 num
750 2847 914 2912 inlocum
936 2868 976 2910 ea
997 2845 1157 2930 quadrent

80 2935 183 3001 nauci
200 2935 331 3001 habent
368 2937 488 3021 optima
506 2939 624 3021 autem,
645 2940 686 3001 ut
697 2937 764 3001 iam
782 2935 973 3021 significaui,
994 2934 1156 2998 Auanlius

81 3024 165 3110 legit
185 3022 403 3142 migrantem,
425 3047 499 3090 cum
518 3025 629 3089 omnia
644 3025 716 3090 luce
734 3024 897 3088 deficienti
914 3023 1052 3088 obscura
1069 3025 1155 3087 recte

82 3112 268 3179 dicantur³
270 3111 376 3198 nigra'
399 3114 453 3178 uel
475 3111 677 3198 ³nigrantia'3
698 3113 797 3178 nimis
820 3113 907 3176 enim
929 3111 1080 3195 suspicax
1101 3111 1155 3174 hio

82 3163 1154 3406 llllbsttslsslltllfinqbbll?{lestolt}

82 3379 188 3442 intrat
211 3377 392 3444 Oceanum'
415 3379 550 3444 meliora
572 3379 682 3462 potuit
703 3379 825 3443 docere.
869 3379 971 3441 restat
990 3375 1092 3458 igitur
1118 3377 1156 3437 ut

83 3467 293 3532 emendemus
315 3489 345 3532 u
376 3468 425 3532 55
451 3467 590 3531 initium.
635 3488 713 3530 nam
740 3466 796 3549 qui
823 3464 890 3528 sint
875 3461 1073 3527 t³oeeidui’
1105 3460 1155 3522 illi
