2517 3925
440 231 628 288 snuaaun
646 231 677 288 n.
692 223 747 304 tv,
766 238 791 288 s.

285 375 417 443 Fortem
440 381 538 463 atque
561 376 736 442 facundum
760 375 915 443 Seuerum

339 464 415 532 Non
439 466 545 531 solitis
567 466 686 531 fidibus
710 468 825 572 saluto.

231 660 303 725 Iam
324 662 399 724 trux
422 660 463 724 ad
485 659 605 726 Aretes
627 658 818 726 Parrhasias
841 631 945 727 hiems

232 746 402 815 Gonoessit
424 749 501 813 altis
525 748 643 814 obrute
666 749 799 834 solibus,
948 763 951 770 '

277 836 348 902 Iam
371 840 493 922 pontus
516 858 554 902 ae
575 837 673 902 tellus
696 838 855 922 renident,

321 926 393 991 Iam
415 924 598 1010 Zephyrost
619 925 741 1010 Aquilo
764 926 932 991 refractus.

230 1118 328 1186 Nune
350 1125 467 1186 elmete
489 1121 559 1186 ueri
581 1120 750 1186 frondibus
775 1121 890 1185 annuis

232 1206 377 1274 crinitur
400 1210 505 1294 arbos,
528 1231 615 1276 nune
637 1210 807 1276 uolucrum
828 1211 906 1275 noui

286 1297 425 1375 Questus
451 1298 719 1384 inexpertumwe
742 1319 887 1383 carmen,

339 1386 432 1463 Quod
455 1388 556 1453 tacita
579 1391 721 1454 statuere
744 1386 868 1452 bruma.

231 1579 303 1646 Nos
325 1603 424 1667 parea
446 1583 551 1666 tellus,
574 1581 715 1666 peruigil
739 1583 772 1646 et
794 1580 885 1647 focus

232 1665 432 1755 culmenque
454 1670 558 1736 multo
581 1671 703 1735 lumine
727 1669 891 1735 sordidum

286 1756 440 1824 Solantur
462 1762 694 1844 exemptusque
716 1762 803 1824 testa

250 1942 254 1948 Δ
339 1847 402 1924 Qui
424 1847 521 1914 modo
544 1847 710 1912 ferbuerat
732 1845 868 1931 Lyaeus.

232 2041 309 2107 Non
330 2043 421 2108 mille
443 2044 558 2109 balant
580 2042 720 2127 lanigeri
743 2062 868 2127 greges,

233 2129 302 2197 Nec
324 2154 424 2198 uacea
446 2132 532 2197 dulei
555 2131 662 2216 mugit
685 2131 841 2215 adultere,

286 2219 417 2306 Unique
441 2220 599 2305 siquando
622 2219 752 2284 canenti

339 2308 450 2374 Mutus
474 2329 553 2394 ager
575 2309 707 2374 domino
730 2309 894 2374 reclamat

233 2502 296 2569 Sed
317 2507 405 2569 terra
426 2505 541 2589 primis
564 2508 641 2589 post
661 2505 803 2589 patriam
826 2504 907 2570 mihi

232 2591 360 2658 Dilecta
383 2594 483 2677 euris3
506 2594 559 2658 hie
581 2614 656 2657 mea
678 2594 824 2659 earmina

285 2680 414 2768 Regina
435 2682 593 2748 bellorum
615 2682 730 2767 unago

340 2770 497 2837 Caesareo
521 2769 688 2835 decorauit
710 2792 799 2856 auro,

142 3057 169 3108 8.
193 3052 334 3122 Zephyros
357 3051 489 3122 aquilons
511 3052 615 3109 fractos
639 3060 657 3106 0
675 3071 692 3106 a
710 3052 839 3123 zephyris
862 3054 993 3123 aquilone
1015 3053 1144 3109 fruens

71 3124 202 3193 zephyris
220 3123 317 3192 aquilo
335 3122 470 3179 restaetus
488 3125 581 3193 aalys.
600 3125 755 3195 Zephyrost
772 3126 881 3180 restitui
893 3127 933 3194 t9
952 3124 1012 3181 ueri
1030 3124 1143 3193 amasi:

9 3221 10 3261 t
71 3194 221 3249 aerisve
237 3210 357 3249 uernans
376 3196 482 3250 Markl.
502 3196 513 3264 ΙΙ
536 3201 570 3250 10
589 3196 706 3251 crinitur
724 3200 760 3249 Δε
783 3194 900 3251 crinitus
918 3202 936 3248 0
953 3199 963 3266 ΙΙ
981 3201 1015 3249 16
1035 3194 1090 3259 Qui
1109 3197 1145 3250 5⁴.

72 3265 133 3331 Quo
152 3270 203 3319 ce
220 3263 282 3331 Qua
299 3266 358 3321 edd.
375 3267 380 3334 Ι
395 3265 550 3321 temerate
568 3266 711 3323 ferunerat
730 3273 748 3322 ς
767 3286 784 3320 a
797 3268 807 3336 fl
822 3273 854 3322 1⁷
873 3267 973 3321 balant
991 3270 1025 3321 ςι
1044 3265 1145 3320 lauant
1172 3301 1175 3311 ,

72 3337 110 3388 Δ*
128 3335 305 3407 ομαηὶςοτί
324 3341 356 3391 ςι
375 3336 496 3406 lupsgeri
515 3342 532 3389 0
549 3338 670 3409 iapiaeri
694 3343 712 3394 ς
736 3357 753 3392 ιι
775 3341 786 3409 [1
808 3344 842 3393 22
864 3337 931 3392 hine
954 3343 972 3389 0
995 3334 1061 3390 huie
1080 3340 1098 3390 ς
1117 3353 1142 3405 ιι,

73 3423 140 3533 eng.
164 3408 303 3534 Retinens
328 3410 338 3478 Ι
365 3414 401 3462 24
432 3408 577 3464 deeorauit
601 3410 721 3465 Madet:
748 3408 907 3479 peramaait
930 3414 949 3460 0
971 3426 1000 3474 ⁸3
1027 3408 1144 3473 sonasse

72 3494 102 3532 re
132 3496 205 3533 unm
