2517 3925
439 263 627 320 smumuu
644 266 675 319 n.
694 266 716 334 Ι,
736 271 759 319 1.

75 413 182 478 Fluxit
206 411 309 496 opus?
334 410 450 477 Siculis
474 432 516 474 an
539 410 743 475 conformato
766 411 901 475 caminis

73 502 207 587 Effigies
230 502 353 565 lassum
376 498 543 583 Steropem
565 498 785 584 Brontemque
807 500 959 584 reliquit?

74 590 124 654 An
147 595 181 653 te
206 588 372 653 Palladiae
394 589 502 672 talem,
525 588 729 672 Germanice,
751 588 845 652 nobis
1121 606 1137 655 c

74 680 236 743 Effluxere
260 698 385 759 manus,
409 677 537 761 qualem
560 678 657 741 modo
679 677 773 741 frena
795 681 961 743 tenentem

73 768 206 831 Rhenus
230 771 264 830 et
287 766 418 830 attoniti
440 766 523 829 uidit
545 765 659 829 domus
681 765 782 829 ardua
804 764 907 830 Daci?

74 855 164 921 Nunc
190 876 253 939 age
274 855 364 918 fama
386 854 475 938 prior
496 857 610 919 notum
632 875 690 938 per
713 854 840 918 saecula
862 876 983 920 nomen

75 943 227 1009 Dardanii
250 944 384 1008 miretur
406 944 488 1026 equi,
511 943 562 1006 cui
585 944 704 1009 uertice
728 964 819 1007 sacro

73 1032 261 1117 Dindymon
284 1035 316 1096 et
339 1032 440 1096 caesis
464 1032 606 1095 decreuit
631 1032 802 1097 frondibus
824 1030 889 1096 Ide.
1103 1050 1138 1099 10

72 1122 164 1186 Hunc
186 1143 294 1205 neque
318 1120 459 1184 discissis
482 1121 645 1203 cepissent
667 1120 826 1204 Pergama
848 1121 964 1205 muris3

70 1208 137 1273 Nec
161 1230 262 1294 grege
284 1209 443 1292 permixto
467 1210 559 1292 pueri
580 1210 799 1293 innuptaeque
820 1210 961 1295 puellae,

71 1298 142 1381 Ipse
165 1319 226 1362 nec
248 1298 377 1362 Aeneas
399 1318 459 1361 nec
481 1317 619 1381 magnus
641 1298 772 1363 duceret
794 1298 925 1363 Hector.

71 1387 162 1450 Adde
187 1386 275 1471 quod
297 1387 352 1449 illc
374 1406 496 1450 nocens
521 1406 700 1471 saeuosque
723 1387 890 1470 amplexus
913 1388 1071 1473 Achiuos,

71 1474 166 1539 Hunc
189 1475 278 1538 mitis
303 1474 509 1539 commendat
531 1495 637 1559 eques.
682 1475 775 1539 iuuat
796 1496 855 1539 ora
876 1477 961 1541 tucri
1105 1494 1138 1542 15

71 1564 173 1627 Mixta
195 1564 283 1627 notis
306 1562 383 1627 belli
405 1562 629 1647 placidamque
651 1565 796 1646 gerentia
818 1586 940 1648 pacem.

70 1650 136 1716 Nec
160 1652 247 1715 ueris
271 1652 395 1715 maiora
417 1656 526 1735 putes:
549 1673 609 1735 par
630 1651 736 1716 forma
759 1653 925 1737 decorque,

71 1740 130 1804 Par
152 1740 267 1805 honor.
314 1762 352 1803 ex
374 1741 476 1805 uastis
500 1739 639 1804 Martem
661 1762 729 1805 non
752 1742 849 1805 altius
872 1742 971 1805 armis

70 1827 237 1894 Bistonius
260 1832 370 1912 portat
394 1830 522 1913 sonipes
546 1850 729 1914 magnoque
752 1829 899 1912 superbit

71 1916 216 1983 Pondere
238 1938 299 1982 nec
321 1918 414 1983 tardo
437 1920 549 2002 raptus
572 1939 673 2001 prope
695 1918 830 1982 flumina
847 1938 942 1982 cursu
1103 1936 1138 1984 ac

71 2005 188 2071 Fumat
211 2011 244 2081 et
266 2008 392 2092 ingenti
414 2008 566 2091 propellit
589 2005 765 2090 Strymona
787 2007 875 2070 flatu.

72 2095 132 2158 Par
156 2097 246 2178 operi
270 2096 369 2162 sedes.
413 2095 489 2159 hinc
512 2095 610 2161 obuia
632 2096 745 2160 limina
767 2095 888 2179 pandit,

75 2183 132 2259 Qui
154 2185 380 2249 fessusbcllis
404 2184 545 2248 adscitae
568 2207 702 2249 munere
723 2185 825 2269 prolis

73 2271 197 2336 Primus
220 2273 283 2336 iter
304 2273 426 2337 nostris
451 2273 592 2337 ostendit
614 2274 650 2337 in
673 2274 804 2338 aethera
827 2273 919 2340 diuis.

72 2357 214 2425 Discitur
237 2383 254 2425 e
277 2362 378 2443 uultu,
402 2365 560 2445 quantum
584 2366 619 2424 tu
642 2363 752 2427 mitior
775 2364 887 2446 armis,
1102 2381 1137 2429 25

74 2447 131 2524 Qui
153 2469 214 2514 nec
236 2451 272 2513 in
295 2453 443 2514 externos
466 2450 570 2514 facilis
594 2452 718 2514 saeuire
739 2451 864 2516 furores

72 2536 134 2602 Das
159 2535 264 2602 Cattis
288 2537 449 2622 Dacisque
475 2538 579 2602 fidem.
624 2543 658 2603 te
685 2539 779 2624 signa
800 2541 923 2605 ferente

72 2625 113 2688 uc
134 2627 242 2690 minor
264 2627 299 2690 in
321 2627 409 2710 leges
432 2627 496 2690 iret
517 2648 616 2711 gener
638 2632 672 2692 ct
694 2626 775 2692 Cato
798 2629 896 2711 pacis.

72 2714 115 2777 At
136 2715 277 2778 laterum
299 2736 415 2799 passus
438 2714 515 2779 hinc
537 2715 621 2780 Iulia
643 2720 729 2780 tecta
750 2721 892 2800 tuentur,

71 2801 162 2866 Illinc
186 2803 332 2887 belligeri
356 2804 503 2867 sublimis
526 2805 616 2888 regia
638 2804 740 2870 Pauli.
1102 2824 1137 2872 30

72 2889 176 2977 Terga
197 2896 292 2975 pater
313 2892 497 2976 blandoque
520 2893 609 2956 uidet
632 2891 813 2958 Concordia
834 2895 936 2959 uultu.

71 2979 141 3064 Ipse
165 2984 275 3044 autem
297 3003 381 3064 puro
403 2981 524 3046 celsum
547 2985 645 3066 caput
668 3004 740 3046 aere
764 2985 895 3067 saeptus

138 3249 173 3297 10
198 3242 248 3296 Ide
271 3247 305 3296 A:
328 3241 394 3296 iden
409 3247 436 3294 ’(1
454 3244 464 3312 1
483 3248 515 3295 11
536 3242 669 3298 discussis
689 3248 778 3314 ς1118
798 3263 833 3300 ex
850 3245 938 3300 uastis
955 3245 1068 3312 scripsi:
1089 3260 1136 3297 ex-

70 3313 176 3368 haustis
199 3319 248 3366 os
270 3313 360 3368 exutis
383 3311 519 3368 Heinsius
536 3315 546 3383 11
566 3319 601 3368 20
624 3331 676 3369 nec
699 3319 780 3370 tanto
800 3319 898 3386 raptus
915 3315 1065 3369 Gemitus
1078 3315 1088 3383 1
1101 3320 1136 3368 23

70 3384 193 3454 adscitae
212 3389 242 3438 5:
262 3384 393 3438 adsectae
413 3385 466 3452 (ita
483 3386 510 3450 a)
528 3386 573 3438 cel
591 3384 720 3440 adsertae
739 3389 832 3454 0126
851 3385 975 3439 Discitur
992 3388 1028 3435 A:
1046 3383 1138 3438 Discit

71 3457 204 3525 910127
225 3454 314 3509 Cattis
335 3460 366 3509 S:
385 3455 475 3523 captis
494 3461 538 3507 ca
551 3457 561 3524 1
575 3462 609 3510 28
628 3457 705 3525 pacis
722 3458 822 3523 scripsi
840 3458 858 3509 l.
873 3457 890 3507 l.
899 3470 931 3520 p.
945 3457 1020 3506 252:
1039 3453 1137 3506 caenis

71 3532 110 3579 ca
126 3526 218 3581 iustas
238 3525 357 3580 Graccus
375 3529 469 3580 castus
487 3526 650 3580 Bereiaros
