2517 3925
357 977 403 1058 P.
426 973 648 1057 PAPINII
671 973 857 1056 STATII

251 1131 976 1233 SILUARUM

480 1305 742 1374 araaav.

548 1487 682 1496 *-

327 1625 480 1681 STATIUS
498 1625 718 1682 ABASCANTO
737 1626 806 1682 SUO
826 1627 902 1681 SAL.

167 1751 327 1819 Omnibus
351 1752 519 1820 affectibus
545 1752 771 1839 prosequenda
790 1757 867 1818 sunt
889 1753 977 1818 bona
995 1750 1149 1834 exempla,
1173 1774 1188 1824 ὁ

78 1863 152 1906 cum
174 1842 303 1925 publice
324 1842 460 1926 prosint„
502 1844 620 1928 pietas,
648 1865 745 1928 quam
767 1841 933 1920 Priscillae
960 1845 1035 1906 luae
1057 1860 1149 1925 prae-

79 1934 157 2015 stas,
191 1934 229 1994 ut
260 1952 387 1997 morum
418 1934 550 1998 tuorum
581 1955 658 2019 pars
690 1931 773 1997 nulli
804 1953 871 1997 non
903 1929 1075 1996 conciliare
1107 1930 1149 2011 ie,

79 2019 252 2104 praecipue
288 2020 422 2105 marito,
456 2024 574 2105 polesi.
619 2043 753 2087 uxorem
781 2020 867 2086 enim
899 2019 1010 2085 uiuam
1042 2038 1150 2083 amare

78 2108 233 2191 uoluptas
260 2113 324 2194 est,
350 2110 534 2175 defunctam
561 2110 688 2197 religia.
738 2131 799 2196 ego
825 2112 937 2174 lamen
963 2106 1038 2172 huic
1061 2106 1151 2190 operi

80 2217 148 2261 non
167 2200 205 2261 ul
228 2219 312 2263 unus
331 2220 348 2264 e
365 2199 464 2264 turba
484 2221 544 2264 nec
567 2204 696 2265 tantum
721 2199 814 2284 quasi
838 2196 1002 2263 officiosus
1026 2194 1151 2260 adsilui
1173 2218 1205 2267 10

80 2286 205 2351 amauii
222 2286 307 2351 enim
326 2309 458 2352 uxorem
477 2311 584 2355 meam
601 2287 751 2355 Priscilla
769 2290 803 2352 ei
821 2284 960 2369 amando
979 2284 1056 2350 fecit
1073 2283 1153 2349 mihi

81 2373 173 2438 illam
202 2375 437 2460 probatiorem
467 2381 602 2463 propter
626 2378 689 2443 hcc
715 2377 863 2463 ingratus
892 2397 978 2457 sum,
1006 2374 1035 2438 si
1059 2372 1153 2438 lacri-

81 2484 153 2527 mas
180 2466 254 2528 tuas
281 2468 422 2530 transeo.
462 2470 629 2550 praeterea
659 2467 744 2531 latus
768 2486 863 2532 omne
887 2463 1015 2528 diuinae
1038 2461 1153 2529 domus

82 2572 211 2635 semper
233 2552 389 2619 demereri
411 2576 471 2638 pro
494 2576 567 2619 mea
588 2552 810 2621 medicerilaie
830 2552 966 2619 comior.
1003 2548 1154 2633 namqui

83 2640 170 2704 bona
199 2639 260 2704 fide
290 2642 368 2707 deos
396 2643 487 2727 colii,
515 2646 603 2707 amat
633 2647 666 2708 el
689 2642 879 2707 sacerdotes.
921 2641 978 2706 sed
1002 2638 1151 2723 quamuis
1175 2658 1206 2708 15

82 2729 267 2811 propiorem
278 2752 373 2795 usum
382 2732 542 2798 amicitiae
557 2734 632 2795 tuae
645 2731 836 2817 iampridem
851 2751 1011 2813 cuperem,
1023 2726 1153 2792 mallem

83 2819 195 2881 tamen
216 2818 360 2886 nondum
383 2820 546 2886 inuenisse
568 2820 748 2887 materiam.

159 3115 286 3171 Titurium
299 3118 486 3186 praefationis
508 3135 543 3173 cc
560 3122 583 3170 Δ
602 3124 619 3171 0
644 3119 708 3173 dedi
727 3121 731 3185 Ι
753 3119 804 3174 sal.
823 3122 859 3172 A:
884 3119 1005 3174 salutem
1024 3121 1042 3168 0
1059 3118 1070 3186 ΙΙ
1089 3121 1104 3170 7
1123 3116 1156 3168 ui

83 3188 198 3255 scripsi:
217 3190 247 3243 et
265 3193 283 3239 0
300 3207 318 3241 a
333 3191 338 3257 1
354 3190 384 3242 et
400 3187 472 3242 nulli
490 3193 517 3257 0,
536 3191 566 3245 et
583 3190 652 3243 delet
670 3190 715 3258 ΑΙΙ
731 3195 763 3244 10
782 3189 888 3245 otiosus
908 3193 925 3245 ς
944 3190 955 3257 ΙΙ
979 3194 1011 3244 11
1030 3185 1156 3256 priscilla

14 3273 15 3310 1
85 3262 103 3313 ς
121 3277 152 3311 a:
170 3258 325 3327 priscillam
339 3263 357 3310 0
370 3259 381 3327 l
395 3264 427 3313 12
441 3262 558 3329 propter
569 3262 684 3328 scripsi:
701 3264 767 3330 post
784 3262 856 3330 οιιΙ
871 3267 904 3315 16
917 3277 999 3314 usum
1014 3262 1045 3312 ςε
1064 3256 1157 3310 uisum

85 3332 108 3381 Δ
125 3334 145 3381 0
164 3346 269 3389 nexum
290 3331 350 3387 edd.
373 3330 384 3399 l
407 3335 440 3384 1⁷
459 3330 600 3386 inuenisse
617 3331 657 3384 Δ*
675 3336 705 3385 0:
724 3330 907 3387 interuenisse
927 3334 944 3385 ς
967 3332 978 3400 ΙΙ
999 3326 1158 3409 imperfecta

14 3451 15 3460 ,
86 3400 153 3455 lrcac
170 3401 314 3469 praefacio
331 3419 351 3457 a
368 3400 459 3455 Statio
477 3402 547 3470 ipso,
569 3408 601 3455 ut
618 3404 739 3471 uidetur,
757 3403 862 3471 relicta,
880 3402 981 3469 queppc
993 3403 1059 3469 post
1077 3413 1157 3453 caca

14 3484 15 3504 ¹
85 3476 197 3526 mortem
213 3474 327 3541 arantem
344 3474 390 3527 hic
407 3473 475 3527 liber
491 3474 529 3527 sit
546 3474 643 3527 editus.
