2517 3925
108 205 151 271 98
481 206 511 263 P.
530 205 668 261 PAPINII
687 205 807 260 STATII

111 351 225 417 Omnis
247 349 378 417 honos?
409 351 485 436 quid
507 351 582 430 tale,
604 371 728 436 precor,
749 350 839 435 prior
862 373 967 416 annus
989 350 1157 418 habebat?

110 440 172 506 Dic
194 461 264 526 age,
286 439 393 505 Roma
414 443 541 525 potens,
563 443 597 504 et
614 461 750 524 mecum,
772 441 872 525 longa
893 437 1057 526 Uetustas,

108 528 287 594 Dinumera
308 529 413 594 fastos
436 549 495 593 nec
517 550 621 613 parua
644 529 791 612 exempla
813 550 953 613 recense,

110 617 173 683 Sed
196 639 277 704 quae
301 620 372 683 sola
393 639 484 684 mens
503 617 656 703 dignetur
677 617 806 684 uincere
830 613 960 682 Caesar.
1143 635 1179 684 ³0

109 707 173 771 Ter
194 706 307 772 Latios
330 706 498 792 deciesque
520 706 599 770 tulit
621 706 806 771 labentibus
831 706 925 770 annis

108 796 277 882 Augustus
299 795 413 879 fasces,
436 794 494 860 sed
515 795 621 879 coepit
644 815 716 860 sero
739 795 871 861 mereri:

109 883 168 968 Tu,
189 884 324 968 iuuenis,
347 904 558 968 praegressus
581 904 670 949 auos.
716 887 749 948 et
771 887 894 968 quauta
907 903 1055 964 recum,

109 971 238 1049 Quanta
260 974 366 1038 uetasl
389 973 519 1038 flectere
541 975 651 1037 temen
673 972 885 1057 precibusque
904 975 1035 1038 sanetus

108 1060 279 1126 Permittes
302 1062 389 1126 hunc
412 1083 507 1145 saepe
530 1061 624 1126 diem.
669 1063 780 1126 manet
802 1060 935 1145 insuper
958 1061 1037 1127 ordo
1141 1079 1178 1128 35

108 1150 263 1237 Longior,
286 1154 319 1215 et
341 1149 479 1215 totidem
501 1149 580 1214 felix
601 1149 665 1215 tibi
686 1148 791 1214 Roma
814 1149 940 1214 curules

109 1239 234 1325 Terque
258 1241 433 1324 quaterque
456 1237 556 1303 dabit.
600 1259 727 1303 mecum
750 1238 852 1303 altera
875 1239 1003 1304 saecula
1026 1239 1157 1324 condes,

108 1327 154 1392 Et
175 1328 237 1393 tibi
260 1327 415 1412 longaeui
437 1326 649 1394 renouabitur
672 1349 729 1392 ere
752 1326 896 1394 Tarenti

108 1415 199 1481 Mille
221 1415 379 1499 trophaea
400 1413 495 1499 feres,
517 1419 647 1480 tautum
669 1416 821 1500 permitte
844 1416 1035 1500 triumphos.
1084 1467 1090 1470 -
1163 1441 1166 1450 ’

108 1504 224 1570 Restat
245 1503 366 1570 Bactra
388 1504 492 1589 nouis,
513 1507 616 1569 restat
637 1504 812 1588 Babylona
834 1504 967 1569 tributis
1142 1521 1181 1572 40

108 1592 255 1679 Frenari3
278 1592 423 1658 nondum
444 1593 481 1657 in
503 1594 626 1678 gremio
648 1593 736 1658 Iouis
758 1593 871 1658 Indica
893 1593 1016 1678 laurus,

110 1680 263 1747 Nondum
278 1681 405 1746 Arabes
420 1679 577 1766 Seresque
594 1686 721 1766 rogant,
739 1681 885 1746 nondum
900 1683 1005 1746 omnis
1018 1681 1181 1750 honorem

108 1770 224 1835 Annus
246 1770 356 1854 habet,
380 1771 575 1856 cupiuntque
598 1771 707 1836 decem
730 1773 788 1835 tue
809 1770 943 1836 nomina
963 1769 1113 1836 menses?

110 1857 163 1925 Sic
185 1858 283 1924 Ianus
308 1859 483 1943 clausoque
506 1859 612 1924 libens
637 1881 670 1924 se
693 1862 787 1943 poste
810 1860 941 1942 recepit

110 1947 200 2014 Tune
223 1969 335 2014 omnes
358 1947 468 2014 fauere
491 1947 542 2013 dei
563 1949 713 2033 laetoque
736 1947 892 2014 dederunt
1141 1964 1180 2015 46

110 2035 211 2122 Signa
233 2038 318 2121 polo,
340 2037 535 2121 longamque
557 2037 627 2121 tibi,
650 2059 706 2102 rex
728 2058 855 2124 magne,
877 2038 1043 2102 iuuentam

109 2126 236 2190 Annuit
258 2129 354 2209 atque
373 2146 449 2191 suos
471 2126 622 2209 promisit
644 2125 790 2211 Iuppiter
812 2147 922 2191 annos.

622 2320 664 2387 H,
693 2321 697 2331 .

211 2438 509 2496 EUCHARISTICON
535 2442 586 2497 AD
614 2441 688 2497 IMP.
716 2441 799 2497 AUG.
828 2441 1074 2498 GERMANICUM

516 2530 766 2585 DOMITIANUM.

109 2638 213 2722 Regia
236 2635 388 2704 Sidoniae
412 2640 560 2705 conuiuia
582 2640 695 2704 laudat
717 2639 852 2724 Elissae,

111 2725 173 2803 Qui
195 2746 351 2812 magnum
370 2728 504 2792 Aenean
526 2727 744 2799 Laurentibus
767 2728 879 2793 intulit
902 2730 998 2813 eruic,

182 3011 216 3062 28
240 3007 332 3063 Roma
353 3024 455 3077 parens
478 3008 583 3065 Marbl.
602 3010 612 3078 l
631 3013 663 3062 31
688 3007 784 3064 Latios
809 3009 981 3065 Grooocics:
1006 3008 1076 3065 latio
1095 3016 1113 3062 0
1133 3029 1150 3063 a
1169 3011 1181 3082 Η

109 3083 143 3132 33
163 3083 210 3132 enl
234 3080 342 3146 quanta
361 3079 466 3134 Marbl.
490 3080 500 3147 l
521 3084 556 3133 35
579 3078 729 3134 Permittes
747 3080 842 3134 Deru:
865 3079 1010 3136 Promittis
1033 3086 1051 3132 0
1069 3099 1087 3133 a
1107 3082 1118 3150 l
1141 3087 1178 3137 38

107 3147 288 3204 renouabitur
309 3153 332 3201 Δ
356 3155 385 3204 οε
408 3149 587 3205 reuocabitnr
609 3156 628 3204 ς
649 3150 654 3217 1
671 3149 784 3205 Terenti
804 3151 961 3206 Travectus:
979 3150 1104 3221 parentis
1123 3156 1141 3203 0
1160 3170 1180 3204 a
1254 3178 1255 3189 κ

108 3219 117 3289 ll
134 3225 169 3274 39
187 3219 321 3289 promitte
344 3225 362 3271 0
384 3223 428 3290 al
446 3220 528 3274 41in
546 3221 709 3276 Mutunus:
732 3237 782 3277 om.
801 3223 932 3291 001146
951 3222 1179 3291 fauereccripsi:

107 3292 224 3358 patuere
241 3296 260 3342 0
278 3309 295 3343 a
310 3293 315 3358 Ι
331 3290 377 3345 dei
394 3296 419 3343 Δ
437 3297 465 3345 οι
485 3290 560 3347 fores
578 3298 596 3347 ς
616 3308 699 3347 omen
717 3292 846 3360 plausere
863 3293 936 3348 fores
955 3293 1061 3348 Mcrbl.

128 3462 142 3501 e
178 3378 228 3501 Π.ς
245 3379 286 3432 In
308 3379 389 3433 titolo
412 3380 448 3434 ad
470 3366 538 3449 iffi.
563 3368 627 3451 ciffi.
652 3367 744 3435 GEr—m·
768 3384 791 3432 Α
813 3383 860 3451 l2
886 3384 1014 3451 (aleman
1037 3386 1108 3435 ³⁰²
1128 3398 1178 3436 ὅθ·
1253 3440 1254 3463 1

107 3464 190 3501 nam
