2517 3925
477 204 518 261 ·P.
536 203 676 258 PAPINII
693 203 815 258 STATII

280 347 362 416 Cum
384 352 422 414 tu
444 347 564 414 sodalis
587 347 679 414 dulee
701 347 879 432 perieulum

280 437 419 505 Oonisus
442 437 533 504 omni
554 439 685 520 peewre
707 435 848 520 tolleres,

333 526 380 592 Ut
402 523 519 592 (laetor
541 525 582 589 ad
605 527 739 590 eunetos
761 526 923 591 tremebat

386 613 562 698 Bebryciae
584 614 725 698 erepitus
747 613 902 681 habenae.

279 808 367 876 Tene
389 809 425 874 in
445 809 580 874 remotis
603 806 756 892 Syrtibus
779 809 853 878 auia

279 897 392 983 leptis
414 896 561 963 creauit?
597 898 665 962 iam
687 895 770 962 feret
792 897 921 967 Indicas

332 985 456 1052 Messes
479 985 686 1070 odoratisque
708 1008 784 1051 rara

386 1073 547 1142 Cinnama
567 1074 742 1161 praeripiet
764 1073 906 1141 Sabaeis.

281 1271 360 1349 Quis
382 1290 450 1336 non
471 1269 507 1336 in
530 1269 619 1336 omni
642 1269 762 1348 uertice
783 1270 916 1336 Romuli

281 1359 439 1443 Raptasse
462 1358 589 1424 dulcem
612 1356 808 1443 Septimium
830 1362 945 1443 putet‘i

336 1447 414 1524 Quis
437 1447 528 1510 fonte
551 1446 707 1512 Iuturnae
729 1447 853 1512 relictis

387 1535 549 1602 Uberibus
572 1538 671 1620 negeb
693 1557 762 1602 esse
785 1535 937 1620 pastum?

280 1729 349 1796 Neo
372 1731 456 1795 mira
476 1731 594 1796 uirtus:
617 1731 766 1814 protinus
789 1731 959 1802 Ausonum

281 1819 401 1884 Portus
424 1819 566 1887 undosae
587 1819 716 1886 neseius
739 1819 870 1888 Africae

333 1907 443 1974 Intras
466 1907 704 1994 adoptatusque
727 1909 841 1975 Tuscis

385 1996 575 2082 Gurgitibus
598 2020 679 2083 puer
700 1998 867 2065 innatasti.

280 2173 366 2240 Hine
388 2200 509 2261 paruus
532 2178 619 2242 inter
641 2174 780 2261 pignora
803 2174 908 2241 euriae
956 2254 958 2261 Ι

281 2262 460 2331 Contentus
483 2272 571 2333 artae
592 2264 713 2329 lumine
730 2286 896 2348 'purpurae

335 2352 469 2438 Cressis,
492 2354 549 2420 sed
570 2353 745 2417 immensos
768 2352 896 2417 labores

387 2441 502 2509 Indole
524 2441 663 2527 patricia
685 2444 821 2505 seoutus.

280 2617 357 2684 Non
380 2642 486 2686 sermo
508 2619 647 2703 Poenus,
670 2640 737 2684 non
759 2616 891 2683 habitus
915 2616 985 2700 tibi,

280 2707 425 2773 Externa
446 2730 514 2773 non
536 2729 642 2772 mens:
664 2706 775 2790 Italus,
796 2704 909 2771 Italus.

335 2795 418 2861 Sunt
439 2798 519 2861 urbe
541 2795 761 2882 Romanisque
784 2795 908 2873 turmis,

389 2885 451 2962 Qui
473 2883 612 2969 Libyam
636 2884 770 2950 deceant
792 2883 923 2949 alumni.

120 3060 336 3079 *qm—n·—

193 3172 228 3221 26
240 3166 364 3236 pelleres
382 3166 518 3221 Heinsius
530 3161 540 3234 ss
554 3170 588 3219 28
607 3165 742 3234 strepitus
761 3165 905 3234 (h)arenae
923 3170 941 3217 0
956 3184 981 3227 a.
999 3178 1069 3219 eoru.
1088 3162 1191 3219 Sabra-
1251 3156 1252 3160 ’

120 3238 203 3294 daus
215 3239 225 3306 l
239 3244 273 3293 38
291 3236 405 3293 dolosae
422 3237 528 3291 Markl.
545 3238 550 3305 Ι
565 3235 675 3291 nescius
689 3237 845 3293 Auentina:
863 3234 970 3291 neseiat
984 3240 1002 3287 0
1016 3253 1032 3288 a
1045 3237 1056 3303 ΙΙ
1069 3240 1103 3291 41
1117 3233 1194 3291 Hine

122 3312 140 3365 S
157 3328 188 3363 a:
206 3308 259 3363 Hie
279 3314 296 3359 c
313 3310 316 3375 Ι
332 3310 411 3363 artae
429 3308 626 3362 Burmannus:
643 3323 694 3363 orn.
713 3306 783 3361 Ν
801 3309 863 3363 arto
880 3307 1023 3365 remees
1036 3307 1046 3374 ss
1059 3310 1093 3363 4⁷
1107 3305 1193 3361 turbe

121 3383 272 3517 gtbutbm
291 3383 309 3434 ς
332 3381 342 3448 ΙΙ
364 3383 398 3433 48
417 3378 536 3434 deceant
554 3384 583 3432 c:
607 3379 728 3434 doceant
746 3383 763 3434 ς
783 3398 800 3432 a
822 3378 955 3433 decorant
974 3377 1093 3444 Merit,
1112 3383 1192 3445 reete,

1239 3626 1250 3891 l
