2517 3925
483 215 514 269 P.
534 212 673 269 PAPlNlI
691 214 812 269 STATII

278 356 326 422 Ut
348 379 474 443 pugnas
498 359 585 443 capit
607 359 764 443 inprobus
787 359 914 424 uiriles!

279 445 399 512 Credas
421 446 462 510 ad
485 446 623 513 Tanaim
645 447 812 533 ferumque
834 447 968 513 Phasim

277 535 584 601 Thermodontiacas
608 537 712 601 calere
734 540 869 601 turmas.
902 547 904 550 ’

277 623 340 696 Hic
364 624 469 689 audax
493 625 582 689 subit
604 626 684 690 ordo
701 625 918 708 pumilorum,

277 711 365 788 Quos
388 716 507 778 natura
530 714 640 779 breuis
664 714 776 778 statim
797 717 930 797 peracta

276 799 446 867 Nodosum
469 803 570 867 semel
591 803 627 867 in
650 803 783 888 globum
804 802 930 887 ligauit.

275 889 388 955 Edunt
411 912 545 956 munera
568 894 817 975 conseruntque
827 891 957 955 dextras

275 977 321 1043 llt
343 982 482 1043 mortem
505 980 568 1069 sibi
591 978 673 1065 (qua
694 976 823 1065 manui)
845 980 1021 1046 minantur.

141 1094 143 1105 ·
276 1067 375 1132 Ridet
396 1067 485 1133 Mars
508 1072 601 1151 pater
624 1072 659 1133 et
680 1072 817 1133 cruenta
838 1067 967 1153 Uirtus,
1002 1088 1006 1091 ·
1079 1075 1081 1080 ’

278 1154 483 1241 Casuraequc
506 1157 600 1242 uagis
624 1177 722 1241 grues
744 1156 868 1241 rapinis

276 1243 438 1309 Mirantur
459 1245 598 1329 pumilos
620 1246 804 1312 ferociores.

275 1330 346 1397 Iam
368 1333 475 1398 noctis
497 1335 705 1419 propioribus
729 1335 789 1399 sub
812 1334 937 1400 umbris

274 1418 375 1487 Diues
399 1422 524 1506 sparsio
547 1444 629 1507 quos
654 1423 726 1508 agit
747 1425 918 1488 tumultus!

275 1507 348 1574 Huc
371 1510 497 1575 intrant
518 1512 632 1577 faciles
655 1512 720 1576 emi
742 1512 883 1596 puellae,

274 1596 338 1663 Hic
361 1598 549 1684 agnoscitur
571 1620 681 1684 omne,
705 1600 791 1685 quod
812 1600 951 1665 theatris
1008 1645 1011 1650 -

273 1685 343 1751 Aut
365 1687 471 1753 forma
493 1689 601 1772 placet
623 1693 680 1754 aut
701 1690 859 1773 probatur
882 1693 960 1754 arte.

273 1773 345 1841 Hoc
367 1777 527 1860 plaudunt
549 1798 649 1863 grege
672 1777 792 1862 Lydiae
814 1781 986 1861 tumentes,

273 1862 335 1929 Illo
359 1865 508 1949 cymbala
534 1867 744 1952 tinnulaeque
768 1865 887 1951 Gades3

273 1950 345 2018 Illic
367 1956 499 2040 agmina
521 1956 728 2022 confremunt
750 1953 919 2042 Syrorum,

271 2040 336 2107 Hic
358 2044 449 2126 plebs
474 2045 601 2110 scenica
624 2046 743 2130 quique
766 2045 973 2110 comminutis

273 2129 465 2196 Permutant
486 2133 599 2198 uitreis
624 2135 755 2219 gregale
779 2134 922 2218 sulphur.

272 2215 362 2282 Inter
385 2241 468 2303 quae
491 2221 599 2286 subito
623 2223 745 2287 cadunt
766 2223 878 2288 uolatu

274 2306 456 2373 Immensae
479 2309 649 2375 uolucrum
672 2333 730 2395 per
751 2315 842 2377 astra
864 2312 981 2395 nubes,

273 2393 361 2470 Quas
383 2395 480 2462 Nilus
505 2419 595 2464 sacer
617 2399 833 2485 horridusque
855 2400 981 2485 Phasis,

274 2481 361 2558 Quas
384 2485 448 2551 udo
471 2485 631 2553 Numidae
654 2489 770 2574 legunt
792 2490 852 2554 sub
876 2493 997 2554 austro.

272 2571 400 2637 Desunt
423 2576 478 2660 qui
500 2577 646 2663 rapiant,
669 2577 824 2662 sinusque
845 2577 936 2663 pleni

272 2657 430 2749 Gaudent,
452 2665 529 2730 dum
552 2687 639 2731 noua
660 2666 752 2731 lucra
775 2670 1013 2750 comparantur.
1150 2687 1189 2740 80

274 2747 408 2816 Tollunt
429 2753 615 2820 innumeras
640 2754 680 2820 ad
704 2757 793 2819 astra
815 2776 926 2845 uoces,

273 2836 461 2906 Saturnalia
483 2843 638 2928 principis
662 2847 832 2928 sonantes,

269 2926 315 2992 Et
337 2930 423 2995 dulci
446 2931 613 2996 dominum
635 2931 748 2996 fauore
771 2932 929 2998 clamant:

268 3014 342 3082 Hoc
365 3020 470 3084 solum
492 3019 597 3084 uetuit
618 3019 715 3084 licere
738 3016 867 3086 Caesar.

269 3103 413 3172 Uixdum
437 3108 567 3173 caerula
589 3128 656 3172 nox
679 3107 810 3199 subibat
832 3110 957 3195 orbem,
1148 3128 1188 3180 85
1243 3150 1245 3215 p

181 3338 216 3386 54
239 3333 279 3388 Ut
301 3338 368 3387 ca:
390 3335 429 3389 Et
452 3335 510 3392 cdd.
534 3339 544 3406 ΙΙ
567 3340 601 3390 68
625 3337 734 3392 datura
755 3336 873 3394 (laidas
893 3339 899 3408 Ι
922 3341 1050 3408 peractos
1075 3340 1186 3397 Groao

108 3404 175 3457 uias
196 3403 207 3470 ll
229 3408 263 3458 60
281 3420 397 3460 munera
414 3407 527 3476 scripsi:
550 3405 668 3463 uulnera
686 3413 704 3460 ῦ
722 3425 739 3462 a
760 3409 771 3476 l
793 3413 826 3462 61
846 3425 903 3478 qua
916 3411 1073 3466 Ameana:
1095 3427 1187 3482 qnam

109 3477 162 3524 ca
176 3473 186 3540 ΙΙ
200 3479 233 3528 70
252 3473 384 3530 timentem
403 3480 421 3527 0
439 3494 464 3545 a,
483 3492 552 3532 corr.
571 3477 652 3532 Dora.
666 3479 677 3547 η
691 3484 724 3533 71
743 3477 796 3533 Illo
816 3479 937 3537 Malle
954 3479 1016 3536 Illic
1034 3487 1052 3534 ὓ
1070 3500 1088 3534 a
