2517 3925
380 880 425 961 e.
454 876 683 961 exorsu
710 873 900 958 sauro

201 1030 1006 1135 ‚SILUARUM

498 1203 801 1272 clausu.

582 1383 716 1396 *otu-—

399 1522 552 1579 situlos
571 1522 726 1577 mousom
745 1521 814 1577 SUO
833 1520 909 1577 SAL.

207 1667 252 1735 Et
264 1667 471 1735 familiaritas
484 1671 597 1737 nostra
610 1690 676 1753 qua
688 1668 828 1753 gaudeo,
849 1666 978 1753 Melior,
1000 1666 1051 1733 uir
1064 1668 1192 1751 optime

118 1780 178 1824 nec
200 1758 307 1823 minus
330 1757 366 1822 in
387 1756 505 1823 iudicio
528 1757 712 1824 litterarum
735 1778 834 1842 quam
854 1756 892 1823 in
914 1754 1003 1825 omni
1028 1756 1115 1821 uitae
1139 1779 1194 1823 co-

118 1848 187 1913 lore
209 1846 396 1930 tersissime‚
419 1849 452 1911 et
469 1846 540 1931 ipsa
558 1847 786 1930 opusculorum
809 1867 891 1930 quae
913 1846 975 1910 tibi
996 1843 1093 1920 uado
1113 1867 1193 1911 con-

120 1937 199 2002 ditio
233 1936 278 2002 sic
305 1936 413 2021 posita
440 1938 490 2001 est
516 1938 554 2000 ut
578 1938 669 2001 totus
692 1934 745 2000 hio
767 1936 849 2000 alter
871 1934 954 2000 liber
975 1956 1066 2000 meus
1089 1934 1194 2000 etiam

120 2027 191 2090 sine
209 2026 348 2110 epistola
366 2025 407 2090 ad
425 2027 459 2090 te
476 2027 608 2109 spectet.
640 2024 781 2107 primum
800 2023 887 2088 enim
904 2024 1005 2089 habet
1021 2023 1193 2089 Glauciam
1217 2032 1233 2080 5

118 2116 278 2197 nostrum,
300 2113 391 2178 cuius
410 2113 631 2198 gratissimam
647 2113 832 2198 infantiam,
853 2116 887 2177 et
903 2114 1032 2198 qualem
1049 2113 1194 2197 plerum-

119 2225 181 2287 que
199 2202 345 2266 infelices
369 2202 558 2285 sortx'untur,
583 2201 668 2286 apud
686 2205 719 2266 te
738 2202 924 2286 complexus
942 2203 1100 2268 amabam.
1123 2202 1193 2267 iam

119 2313 197 2356 uero
224 2290 287 2354 tibi
312 2289 409 2354 huius
438 2290 551 2355 amissi
580 2311 693 2355 recens
721 2292 837 2356 uulnus
865 2287 917 2376 (ut
938 2290 1017 2376 scis)
1045 2291 1193 2374 epicedio

118 2382 309 2463 prosecutus
329 2399 400 2443 sum
420 2379 499 2444 adeo
517 2379 711 2444 festinanter
728 2383 766 2443 ut
784 2379 997 2444 excusandam
1019 2379 1194 2445 habuerim

120 2467 288 2532 affectibus
311 2466 376 2531 tuis
400 2468 607 2532 celeritatem.
644 2490 705 2533 nec
727 2490 813 2533 nuno
836 2491 906 2533 eam
930 2468 1016 2552 apud
1038 2472 1071 2533 te
1093 2469 1194 2551 iacto,
1216 2479 1247 2524 10

120 2554 175 2640 qui
203 2556 305 2640 nosti,
334 2555 390 2621 sed
413 2559 445 2620 et
475 2557 589 2621 ceteris
616 2556 739 2639 indioo;
766 2579 807 2621 ne
831 2557 903 2642 quis
925 2558 1088 2642 asperiore
1110 2556 1194 2621 lima

121 2666 251 2710 carmen
273 2645 436 2710 examinet
455 2648 487 2710 et
506 2668 525 2709 a
544 2647 680 2720 confuso
700 2645 856 2728 seriptum
874 2649 908 2710 et
926 2645 1050 2712 dolenti
1067 2646 1194 2729 datum,

120 2754 194 2800 oum
216 2755 320 2816 paene
343 2755 544 2816 superuacua
562 2735 629 2798 sint
650 2734 745 2799 tarda
763 2734 889 2798 solatia.
920 2735 1006 2800 Polli
1028 2734 1091 2799 mei
1110 2734 1194 2799 uilla

120 2819 323 2906 Surrentina,
350 2844 431 2906 quae
456 2822 615 2906 sequitur,
648 2822 760 2888 debuit
782 2844 803 2886 a
824 2844 877 2888 me
899 2823 953 2888 uel
975 2823 1010 2887 in
1033 2823 1192 2889 honorem

119 2911 321 2994 eloquentiae
350 2911 418 2975 eius
448 2911 636 3063 diliqqntius
658 2910 736 2995 dici,
760 2910 815 2976 sed
839 2912 961 2976 amicus
983 2912 1118 2998 ignouit
1155 2912 1192 2976 in
1214 2921 1245 2968 15

120 2998 267 3064 arborem
287 3002 372 3064 certe
394 3003 493 3083 tuam,
551 3000 640 3082 elior,
662 3003 696 3064 et
717 3000 891 3084 psittacum
910 3000 974 3066 scis
993 3023 1013 3064 a
1031 3022 1082 3065 me
1100 3001 1190 3065 leues

120 3087 249 3153 libellos
265 3088 357 3172 quasi
371 3089 615 3173 epigrammatis
629 3089 702 3154 loco
717 3089 863 3173 scriptos.
888 3089 1023 3154 eandem
1038 3090 1190 3174 exigebat

119 3231 162 3239 ›—

192 3316 232 3369 Io
250 3315 330 3370 tilulo
349 3314 404 3369 Sal.
424 3319 458 3369 A:
479 3314 599 3370 salutem
618 3316 737 3384 cited
754 3319 783 3372 te
801 3320 910 3388 spectet
926 3320 1038 3388 scripsi:
1058 3321 1188 3388 expectet

120 3384 159 3435 Δ*
177 3390 195 3436 c
214 3386 376 3455 expectetur
394 3385 474 3440 Dom.
498 3387 508 3454 ΙΙ
531 3392 547 3440 6
566 3386 729 3455 gratissima
750 3388 871 3443 infautia
892 3395 910 3440 (l
928 3392 997 3459 afli
1017 3389 1187 3444 ammirabar

121 3453 225 3510 Morti.
243 3455 325 3527 liam
343 3472 410 3511 uero
428 3457 524 3512 Dour:
551 3456 609 3511 iam
637 3474 693 3512 non
721 3464 739 3510 ο
762 3462 801 3528 al
820 3465 854 3514 14
871 3460 977 3516 honore
995 3466 1013 3511 0
1031 3479 1057 3527 a,
1077 3475 1146 3515 corr.
1167 3465 1186 3514 ς
