2517 3925
435 220 624 279 smumuu
641 219 672 274 a.
691 221 727 290 11,
745 226 770 275 e.

74 369 118 436 Dt
142 368 260 435 dubios
285 389 380 433 casus
403 370 436 433 et
459 388 574 434 caecae
596 366 721 436 lubrico
743 366 831 431 uitae

74 458 212 545 Effugit,
234 456 391 525 immunis
413 456 483 524 lati.
526 477 594 525 non
616 455 672 523 ille
695 455 836 541 rogauit,

73 546 105 613 N
106 570 151 613 on
175 546 288 611 timuit
309 545 458 618 renuitue
479 544 578 611 mori:
609 566 671 610 nos
694 545 792 613 anxia
812 544 935 628 plebes,

74 634 144 701 Nos
168 634 291 719 miseri,
313 634 430 719 quibus
452 633 537 703 unde
560 634 628 703 dies
652 654 813 719 suprema,
830 634 904 719 quis
925 634 997 699 aeui

76 724 207 803 Eritne,
230 724 400 807 incertum,
423 724 540 808 quibus
563 723 665 790 instet
685 722 810 790 fulmen
833 724 875 789 ab
898 724 1005 809 atris,
1096 741 1147 792 225

75 812 166 889 Quae
190 813 295 878 nubes
318 812 419 877 fatale
442 814 546 879 sonet
589 812 639 877 nil
661 812 802 881 flecteris
824 814 921 882 istis?

75 901 140 967 sed
163 902 294 973 flectere
316 902 432 973 libens.
478 900 554 969 edes
576 900 641 969 huc
664 902 800 969 emissus
822 902 865 969 ab
889 904 963 970 atre

75 990 215 1075 Limine,
239 989 291 1055 eui
314 990 375 1055 soli
398 993 515 1065 cuncta
537 990 714 1076 impetrare
736 991 891 1075 incultas,

76 1078 215 1145 Glaucia
238 1076 329 1165 (nem
350 1079 499 1148 insontes
519 1079 645 1149 animm
667 1101 728 1145 nec
749 1080 890 1164 portitor
912 1084 1001 1147 arcet

76 1166 146 1232 Nec
170 1168 270 1233 durae
294 1188 403 1233 comes
424 1167 480 1234 ille
502 1166 619 1253 ferae):
643 1172 680 1234 tu
702 1172 836 1253 pectore
856 1169 970 1253 mulce,
1095 1184 1147 1235 220

16 1286 18 1307 1
78 1256 127 1321 'lu
149 1256 289 1341 prohibe
311 1278 444 1326 manare
468 1277 569 1343 genas
591 1261 766 1342 noctesque
787 1258 902 1325 beatas

77 1344 235 1411 Dulcibus
258 1345 409 1430 alloquiis
433 1348 466 1411 et
487 1346 574 1413 uiuis
597 1346 744 1415 uultibus
766 1347 879 1432 imple,

77 1432 121 1499 hc
143 1435 279 1519 periisse
302 1455 387 1521 nega
411 1433 656 1520 desolatamque
678 1456 832 1520 sororem,

79 1522 268 1608 eriperes,
292 1527 326 1589 et
346 1524 482 1591 miseros
505 1538 605 1610 perge
627 1523 791 1591 insinuare
813 1528 974 1609 parentes.

593 1772 638 1839 11.

274 1892 385 1947 UILLA
405 1892 644 1951 SUDRDNTINA
662 1894 785 1951 Pothll
803 1891 950 1949 FELICIS.

75 2002 138 2068 Est
159 2002 246 2068 inter
267 2006 364 2068 notos
389 2003 537 2068 Sirenum
560 2005 691 2069 nomine
713 2025 823 2068 muros

78 2091 226 2176 Saxaque
249 2090 435 2176 Tyrrhenae
457 2093 587 2178 templis
612 2098 745 2159 onerata
766 2092 933 2157 Mineruae

77 2179 171 2245 Celsa
193 2180 365 2245 Dicarchei
387 2177 583 2265 speculatrix
605 2181 684 2248 uilla
702 2181 867 2267 profundi,

78 2269 148 2345 Qua
170 2269 304 2334 Bromio
326 2269 461 2336 dilectus
485 2291 571 2358 ager,
595 2272 757 2356 collesque
779 2291 837 2355 per
859 2271 942 2335 altos

77 2355 193 2423 Uritur
215 2361 249 2422 et
270 2359 389 2442 praelis
412 2379 480 2425 non
502 2359 628 2424 inuidet
650 2382 715 2425 uua
737 2357 893 2425 Falernis.
1130 2375 1146 2424 5

77 2446 152 2512 Huc
174 2469 226 2511 me
249 2451 325 2528 post
346 2449 445 2531 patrii
467 2449 590 2512 laetum
613 2449 834 2534 quinquennia
856 2448 964 2531 lustri,
1126 2462 1130 2468 ’

79 2534 160 2601 Cum
184 2535 289 2601 stadio
313 2536 378 2602 iam
400 2537 496 2623 pigra
518 2538 608 2622 quies
631 2558 794 2623 canusque
819 2537 944 2602 sederet

77 2624 199 2710 Puluis,
222 2624 263 2689 ad
286 2624 477 2692 Ambracias
500 2626 841 2711 conuersagymnade
863 2625 1005 2710 frondes,

79 2713 182 2778 Trans
206 2713 328 2798 gentile
351 2713 471 2779 fretum
492 2714 612 2798 placidi
634 2715 787 2781 facundia
809 2714 894 2781 Polli

78 2801 206 2868 Detulit
228 2805 262 2866 et
283 2802 405 2867 nitidae
428 2802 578 2868 iuuenilis
603 2804 711 2888 gratia
732 2803 852 2888 Pollae,
1113 2817 1147 2866 10

79 2891 223 2956 Flectere
246 2891 311 2954 iam
335 2892 486 2976 cupidum
509 2913 650 2977 gressus,
673 2915 737 2977 qua
759 2893 861 2958 limite
884 2895 964 2958 noto
1073 2893 1077 2898 ’

79 2980 186 3064 Appia
208 2980 380 3065 longarqm
403 2981 519 3046 teritur
541 2982 655 3066 regina
676 2981 812 3045 uiarum.

148 3285 202 3336 222
220 3279 288 3334 fatis
306 3284 324 3330 0
342 3297 359 3330 a
371 3280 382 3353 l
395 3285 447 3334 223
465 3279 593 3336 renuitue
611 3281 758 3337 Heinsius:
777 3283 915 3338 meruitne
933 3287 951 3334 ⁰
969 3298 987 3332 a
1005 3282 1016 3348 11
1035 3284 1086 3332 226
1104 3292 1147 3332 eo-

79 3353 126 3406 net
143 3357 174 3407 σε
195 3351 295 3406 sonent
314 3355 331 3404 ς
350 3368 369 3402 ι
385 3352 395 3418 ΙΙ
413 3356 465 3406 227
485 3352 546 3406 atro
566 3356 597 3408 3:
617 3354 694 3408 astro
712 3357 735 3406 Δ
754 3358 772 3405 ⁰
789 3357 800 3424 fl
820 3359 871 3408 229
891 3351 1009 3410 Glaucia
1025 3349 1148 3404 insontes

80 3422 151 3478 stc
174 3421 307 3478 Glaucias
329 3420 453 3476 insontes
473 3427 508 3490 ἔς
530 3440 596 3478 nam
619 3424 699 3478 Dent.
722 3425 842 3480 inseruit
863 3427 873 3491 i
895 3429 947 3477 230
970 3422 1049 3475 dirce
1067 3421 1147 3476 Dcm.

80 3493 90 3566 ll
106 3500 157 3549 aer
178 3492 233 3560 Qui
252 3497 275 3545 s
293 3498 323 3546 c:
343 3491 404 3558 Quo
422 3492 503 3548 Dom.
